3154 4918
454 405 511 496 V.
533 405 711 494 CLAR.
737 405 878 492 AND.
897 401 1161 496 DACERH

600 617 671 736 Ν·
711 614 769 736 Ο
819 615 875 734 T
922 615 1010 734 AE

702 861 751 924 1u
773 859 916 924 numu

429 1053 498 1159 o.
532 1049 859 1151 Hounuu
894 1048 1190 1200 ennom.

198 1288 255 1386 Q·
270 1310 460 1378 HORATH
483 1307 646 1372 FLACCI
670 1307 731 1368 cito
755 1307 768 1366 i
793 1305 960 1390 Suetonio]
1015 1305 1105 1369 Hono
1128 1308 1221 1369 vitum
1244 1305 1418 1391 Porphyrio

198 1397 307 1460 diserti
329 1397 483 1478 adjudicat
497 1393 643 1454 Suetonio
662 1393 692 1452 in
709 1389 798 1451 Notis
824 1389 883 1449 suis
902 1392 938 1450 ad
958 1389 1055 1471 Epist.
1078 1391 1102 1452 1.
1119 1391 1188 1453 Lib.
1204 1393 1234 1452 ii.
1250 1393 1296 1452 his
1308 1394 1416 1468 veritis,

197 1481 334 1624 Augusto
349 1479 513 1561 increpanti
531 1476 704 1551 Horatium,
725 1474 805 1572 quod
822 1493 880 1533 nort
896 1474 936 1533 nd
954 1493 982 1533 rc
997 1495 1112 1569 quoqne
1125 1475 1260 1557 plurimo
1272 1475 1416 1550 scriberet,

198 1573 229 1624 ut
270 1565 400 1624 tretoniuc
416 1568 581 1633 circumest,
604 1559 745 1639 imprimis
765 1580 827 1618 cum
846 1556 934 1618 leude
954 1557 1081 1617 Ceruario
1099 1581 1128 1618 ec
1146 1570 1270 1619 recuset.
1313 1560 1356 1619 At
1367 1560 1417 1620 vel

197 1659 315 1707 tacente
330 1633 553 1726 Porphyrioness
569 1642 611 1700 ito
626 1661 655 1701 se
672 1642 773 1722 prodit
789 1643 837 1703 hic
853 1641 989 1703 Suetonii
1011 1643 1112 1722 stylus,
1134 1657 1167 1704 ut
1181 1644 1310 1724 peritum
1324 1643 1417 1704 lecto·

197 1751 260 1789 rem
275 1729 356 1789 haud
370 1725 482 1788 temere
495 1725 587 1786 sallat.

238 1812 342 1887 Patre,
362 1810 469 1892 etipse
484 1809 596 1891 quidem
614 1807 714 1883 trruiit,
733 1807 877 1884 libertino,
897 1819 924 1869 et
943 1809 1122 1872 exactionum
1138 1810 1297 1894 conitere]
1345 1808 1416 1872 Hoc

197 1897 235 1958 de
248 1897 344 1978 seipso
359 1895 515 1978 profitetur
529 1891 674 1958 Horatius
691 1893 754 1954 Sat.
768 1897 796 1954 6.
811 1893 879 1954 Lib.
894 1895 913 1953 i.
929 1915 957 1954 v.
973 1900 1024 1956 45.

443 2018 537 2080 Nunc
552 2019 591 2080 od
605 2041 649 2082 ruo
662 2019 746 2080 redeo
763 2018 897 2081 libertino
907 2031 995 2101 putre
1007 2031 1118 2082 nutum.

198 2102 250 2166 Et.
266 2126 295 2166 v.
311 2109 361 2166 85.
442 2101 483 2164 Ν
481 2124 510 2162 oc
525 2103 629 2175 timuit,
643 2102 700 2164 sibi
714 2125 749 2162 nc
763 2103 833 2164 citio
849 2104 913 2185 quis
927 2103 1143 2180 uerteret„otim

447 2185 483 2246 Si
496 2207 591 2267 preeco
602 2207 723 2267 parvus,
738 2198 800 2261 aut,
815 2198 847 2248 ut
856 2187 922 2268 suit
935 2189 1006 2272 urse,
1022 2201 1138 2250 coactor

443 2267 596 2330 Mcrccdes
607 2290 740 2351 sequerer

238 2397 282 2460 tit
293 2417 359 2458 vcro
375 2393 574 2469 crediturum,
587 2392 836 2477 cedsomentorio]
882 2395 1148 2458 Salsamentarium
1161 2399 1285 2480 proprisi
1300 2419 1415 2460 nuncu-

197 2495 272 2564 pont
282 2479 385 2542 Gcaeci
394 2483 575 2554 circitorum,
587 2476 669 2540 Galli
679 2499 719 2540 un
730 2477 970 2562 Giorcutier,qui
980 2495 1068 2564 parat
1076 2481 1237 2561 venditque
1247 2483 1415 2558 sarcimine,
1469 2535 1476 2554 .
1559 2532 1560 2549 .

198 2565 359 2640 tomacula,
375 2577 404 2625 et
419 2565 448 2624 id
466 2585 559 2644 genus
576 2563 643 2624 aliu.

243 2647 364 2792 {not-ies
379 2669 432 2732 ego
447 2647 509 2707 vidi
521 2657 637 2729 putrem
653 2656 731 2706 tuum
747 2645 884 2708 creditore
899 2647 1148 2794 ενηυηὲεηίεηιῗὶὲ
1183 2646 1252 2709 Hoc
1276 2649 1414 2711 bonvicio

197 2731 249 2792 irri
273 2733 400 2792 ebantur
431 2730 724 2792 salsamentariorum
755 2731 818 2791 filii.
860 2730 927 2791 Cic.
954 2731 992 2790 iv.
1017 2731 1087 2791 Lib.
1149 2731 1350 2792 hetorieorum
1375 2734 1416 2794 ad

197 2813 383 2877 Herennium
396 2813 554 2898 (siquidem
565 2813 615 2876 iile
625 2827 668 2874 est
680 2835 767 2874 verus
778 2813 857 2874 illius
871 2815 969 2895 operis
979 2814 1097 2898 auctor)
1111 2814 1173 2874 Per
1184 2817 1417 2897 consequentium

195 2898 374 2984 significatio
389 2897 436 2973 sit,
460 2919 522 2958 cum
536 2917 580 2958 res
595 2919 659 2980 qrcce
674 2907 834 2980 sequuntur
852 2897 981 2980 ntiquom
997 2919 1065 2972 rem,
1090 2897 1236 2973 dicuntur,
1260 2919 1294 2958 erc
1312 2898 1416 2981 quidus

196 2993 258 3044 totu
273 3005 317 3044 res
332 2981 507 3064 relinquitur
520 2981 551 3041 iu
566 2980 737 3063 nupicione,
747 2991 780 3041 ut
790 2979 816 3040 ri
826 2979 1040 3042 salsamentarii
1046 2979 1117 3064 filio
1131 2981 1222 3058 dicun
1239 2979 1361 3065 Quiesce
1373 2993 1414 3058 tu,

196 3067 276 3150 cujus
293 3075 379 3150 poter
393 3063 486 3126 cubito
500 3087 529 3125 se
544 3085 696 3146 enrrcugcrc
710 3063 828 3125 solebat.

237 3150 326 3212 Bello
339 3147 527 3230 Philippensi
541 3149 648 3207 renites
658 3148 676 3206 ὰ
686 3147 735 3208 Μ.
746 3147 844 3208 Bruto
858 3145 1045 3230 Imperatore,
1061 3147 1345 3211 Tridentumilitum
1355 3171 1414 3212 me·

195 3233 281 3316 ruit]
317 3233 408 3294 Tunc
420 3233 562 3314 temporis
575 3231 719 3291 Horatius
731 3232 823 3292 literis
834 3253 957 3315 opernm
969 3234 1054 3294 dabit
1065 3235 1200 3294 Athenis.
1238 3231 1318 3295 Vide
1330 3233 1412 3316 quod

196 3331 299 3378 norrnt
310 3318 373 3399 ipse
387 3315 484 3398 Epist.
498 3320 526 3376 2.
544 3312 613 3376 Lib.
630 3315 659 3375 ii.

240 3397 386 3482 Scriptum
414 3399 608 3484 Queestorium
632 3397 838 3542 comparanda
888 3398 974 3480 Lege
998 3402 1139 3483 scriptum
1159 3421 1216 3484 pro
1239 3403 1410 3466 scribtum.

195 3479 275 3544 Vide
290 3481 386 3545 Notas
398 3497 514 3545 nostras
528 3484 566 3544 od
581 3505 608 3543 ν.
624 3485 673 3556 36,
689 3481 753 3542 Sut.
766 3487 795 3542 6.
839 3481 879 3544 ib.
893 3483 923 3543 ii.

445 3608 489 3668 De
504 3631 535 3670 re
550 3607 693 3670 concrnuni
708 3607 808 3669 scribo
823 3609 933 3692 magnei
949 3619 1034 3692 atque
1049 3611 1124 3670 noui
1137 3619 1163 3670 tc

445 3691 579 3753 Orodunt
591 3691 676 3752 hodie
691 3691 872 3767 meminisses,
892 3691 1011 3776 Quinte,
1027 3694 1139 3754 rueret.

195 3819 273 3878 adde
286 3817 366 3898 qttod
379 3817 480 3876 scribit
492 3816 560 3878 iriv.
573 3839 639 3899 cop.
654 3821 704 3878 46.
719 3816 787 3878 Lib.
800 3817 842 3878 ix.
856 3831 885 3878 et
897 3819 934 3878 Α.
952 3816 1030 3879 Geli.
1044 3839 1110 3900 cap.
1124 3823 1153 3878 9.
1167 3817 1236 3880 Lib.
1252 3819 1292 3879 vi.

234 3899 280 3962 rte
293 3901 388 3982 primo
398 3897 630 3962 Mercenoti-in
640 3901 771 3984 gratiam
781 3900 972 3983 insinuatus]
1003 3902 1080 3962 Heee
1094 3903 1135 3962 ito
1147 3917 1314 3978 narrantur,
1325 3906 1410 3985 quasi

193 3981 339 4046 Horatius
355 4005 414 4043 non
429 3985 591 4045 innotuerit
605 3981 777 4055 Mrecenati,
801 3985 855 4043 nisi
870 3999 938 4066 post
952 3985 1139 4066 impetratum
1156 3986 1275 4047 demum
1291 3991 1329 4049 ab
1345 3990 1410 4049 Au-

192 4083 282 4148 gusto
297 4069 426 4142 venium,
449 4081 477 4127 et
492 4081 698 4150 comparatum
715 4067 876 4127 scribarum
892 4067 1108 4148 Quirestorium.
1152 4069 1193 4129 At
1208 4071 1284 4132 istud
1300 4071 1421 4132 Sueto:

193 4153 242 4212 nio
267 4173 421 4232 nunqumn
444 4151 611 4211 excidisset.
657 4147 826 4210 utaecenate
849 4152 927 4210 enim
950 4153 1137 4233 deprecante,
1161 4153 1269 4216 Caesar
1291 4155 1410 4232 ignovit

192 4233 332 4312 Horatio,
352 4235 439 4314 eique
453 4237 534 4296 bona
549 4255 602 4294 suo
617 4231 709 4295 Fiseo
725 4234 845 4294 addicto
860 4235 999 4295 reddidit.
1040 4235 1199 4298 Suetonius
1215 4239 1273 4299 hoo
1288 4238 1357 4296 loco
1372 4237 1409 4298 de

191 4339 228 4377 eo
247 4332 380 4402 tempore
398 4318 538 4398 loquitur,
563 4339 623 4397 quo
642 4317 734 4398 coepit
753 4315 907 4378 Meecenas
927 4317 1087 4380 Horatium
1106 4322 1215 4382 habere
1234 4321 1266 4380 in
1283 4339 1409 4381 numero

190 4399 371 4464 familiarum
385 4423 515 4476 suorum,
525 4405 660 4482 ‘quocum
673 4402 795 4480 negotia
807 4421 861 4464 sua
874 4404 1124 4484 communicaret3
1139 4423 1287 4486 quemque
1298 4405 1330 4466 in
1345 4405 1408 4466 otio

190 4503 246 4561 suo
261 4485 430 4564 jucundum
446 4486 601 4549 adhiberet
615 4483 764 4547 comitem.
