2956 4910
366 625 424 725 Q.
450 623 719 712 HORATII
743 624 973 714 FLACCI

215 891 1125 1017 EPISTOL'ARUM

442 1282 444 1290 Α
514 1225 757 1300 LIBER
802 1225 827 1298 l.

34 1409 174 1494 HAEG
199 1451 271 1516 pars
286 1427 409 1492 Horatii
425 1427 607 1492 Sermonum
623 1430 699 1492 alter
713 1431 774 1492 dici
787 1443 895 1516 potest,
911 1428 1068 1492 continens
1087 1429 1240 1512 epistolas,
1255 1430 1287 1491 in

37 1517 164 1598 quibus
188 1517 346 1597 eleganter
368 1527 398 1577 et
421 1515 527 1576 ornate
543 1514 664 1596 quidem
681 1517 719 1578 ad
735 1517 849 1578 amicos
864 1514 977 1590 scribit,
992 1527 1131 1576 nontam
1146 1515 1287 1576 derebus

40 1599 232 1663 domesticis
256 1615 286 1661 et
304 1597 450 1676 sutilibus,
464 1599 554 1681 quim
570 1600 608 1661 de
622 1601 807 1682 gravissimis
822 1601 998 1683 quibusque,
1014 1599 1088 1696 puta
1101 1597 1139 1660 de
1153 1599 1288 1660 moribus

40 1685 126 1746 vera
149 1685 262 1746 virtute
277 1682 486 1746 informandis.
527 1682 639 1746 Meritti
662 1686 756 1766 igitur
781 1683 935 1770 Sapientes
957 1681 1111 1767 Epwtolas
1133 1700 1288 1767 nuncupat

45 1769 210 1850 Scaliger.
253 1767 348 1850 Quod
370 1767 394 1830 si
418 1789 538 1848 novum,
563 1784 594 1831 at
617 1771 698 1832 certe
713 1771 872 1853 pulchrum
895 1783 949 1844 est,
974 1769 1110 1830 versibus
1133 1781 1163 1831 et
1185 1767 1289 1830 strictis

47 1854 199 1916 oratione
214 1853 344 1916 scribere
366 1854 512 1935 ejusmodi
527 1853 678 1938 epistolas.
723 1853 804 1917 Hinc
819 1855 929 1918 etenim
945 1867 975 1916 et
987 1855 1087 1935 major
1101 1852 1288 1914 familiaritas

50 1940 88 2000 in
115 1959 186 2001 suos
199 1937 305 2014 elucet,
320 1950 349 2000 et
363 1938 538 2002 nonnullam
555 1940 696 2002 scribenti
711 1939 878 2020 libertatem
894 1951 923 2002 et
934 1939 1138 2014 amoenitatem
1153 1937 1290 2000 tribuunt

50 2023 171 2086 Musae.
215 2022 263 2084 Ita
277 2022 351 2084 sane
366 2023 507 2104 quaedam
521 2023 640 2086 facilius
654 2038 841 2103 enarrantur,
856 2038 887 2087 et
901 2045 970 2107 quae
984 2044 1038 2107 per
1053 2043 1084 2084 se
1098 2035 1228 2099 austera,
1237 2024 1289 2105 ju·

53 2107 190 2170 cundiits
202 2108 403 2192 excipiuntur.

54 2191 168 2254 Prima
191 2193 258 2255 haec
281 2189 409 2276 epistola
423 2189 602 2256 Maecenatis
625 2195 747 2258 hortatu
758 2195 871 2278 scripta
885 2194 956 2256 satis
972 2209 1108 2277 apparet,
1122 2205 1153 2254 et
1167 2192 1288 2275 quidem

57 2291 152 2340 aetate
159 2279 227 2358 jam
246 2291 391 2362 provecto
417 2279 509 2361 poert
522 2293 636 2342 nostro.
671 2279 707 2342 ln
722 2279 759 2342 eti
772 2279 1031 2364 reprehenduntur
1045 2277 1181 2340 homines
1195 2278 1291 2340 virtu·

59 2377 122 2424 tem
146 2363 311 2424 honoribus
325 2383 361 2424 ac
376 2363 488 2424 divitiis
502 2365 683 2446 posthabere
698 2364 777 2427 soliti
791 2379 821 2427 et
836 2385 905 2446 quae
917 2365 958 2428 ad
968 2385 1090 2447 corpus,
1105 2363 1195 2446 quam
1220 2384 1290 2446 quen

60 2448 102 2509 ad
127 2447 257 2508 animum
282 2461 426 2530 spectant,
443 2448 536 2510 multo
552 2449 712 2512 studiosius
726 2451 919 2532 inquirentes.
962 2447 1024 2510 Jul.
1044 2447 1184 2530 Scaliger
1198 2448 1288 2510 Post.

61 2531 117 2594 lib.
132 2531 171 2594 vi.
187 2553 359 2614 quanquam
374 2534 465 2595 durus
478 2534 553 2596 aliis
565 2536 740 2616 castigator,
752 2533 903 2597 nitidioris
916 2533 986 2620 styli
1000 2533 1108 2596 latetur
1120 2555 1183 2596 esse
1197 2532 1290 2632 Epis-

64 2618 152 2680 tolas.
193 2615 310 2696 Pra'ma,
332 2619 439 2701 inquit,
454 2620 557 2703 quonia
570 2619 654 2682 melle
668 2619 782 2682 duhior
797 2631 858 2683 est:
871 2618 1019 2681 sententia
1032 2619 1184 2702 apposita,
1200 2619 1290 2681 dactio

66 2714 155 2780 carta,
169 2701 304 2780 rotunda,
318 2703 425 2766 sunnia
474 2701 666 2789 Quapropter
681 2703 812 2767 arbitror
828 2714 1007 2790 postremam
1021 2703 1148 2766 omniurn
1164 2703 1290 2788 factam,

63 2787 187 2870 primam
205 2787 334 2870 positam
349 2787 384 2849 ob
399 2787 576 2851 luculentam
589 2789 750 2850 raritatem.
799 2788 902 2873 Quare
917 2786 1003 2848 etiam
1026 2787 1233 2872 Epistularum
1253 2787 1291 2851 ti-

69 2873 150 2934 brum
165 2869 273 2932 Satiris
280 2873 514 2955 postponendum
528 2894 638 2934 carseo.
681 2871 721 2934 Id
734 2871 816 2956 quod
830 2871 892 2934 clm
903 2871 936 2934 in
947 2871 1064 2934 uetustis
1079 2873 1291 2958 exemplaribus

71 2956 222 3030 uideantur,
236 2954 331 3016 nocio
392 2954 422 3016 'd
435 2955 552 3017 consilii
565 2956 598 3018 ia
611 2969 732 3018 mentem
745 2957 855 3019 uenerit
868 2956 915 3034 tta,
930 2955 983 3041 qui
995 2957 1141 3019 inuentam
1160 2958 1293 3020 ordinem

75 3039 275 3102 ssalaerterunt.
371 3039 523 3102 ammatico
538 3039 615 3103 nillil
625 3039 780 3126 infelicius.
829 3039 927 3104 Credo
943 3041 1022 3126 quo'd
1036 3039 1166 3104 riderent
1180 3065 1292 3106 aarum

76 3123 164 3199 illua,
178 3121 292 3186 summi
303 3123 430 3186 dicende
443 3123 600 3188 camoena:
615 3126 701 3210 quari
712 3129 779 3190 nero*
791 3147 851 3190 non
862 3125 938 3190 lanc
953 3126 1049 3212 ipsam
1060 3123 1249 3214 intelligeret.
1267 3197 1271 3210 ,
