3106 4910
688 393 1079 499 APHRNDIX⁴

608 589 653 636 An
669 588 815 636 NOSTRAS
832 584 1083 646 auderamnus

250 743 256 762 ·
359 717 413 790 ln
445 712 629 788 uranos
662 691 894 797 orianum,
928 709 1024 782 suu
1058 705 1350 784 caeninam

619 867 1069 970 HORATH.
1248 871 1252 878 ’

234 1169 457 1266 QUONIAM
473 1198 623 1282 plerisque
637 1196 713 1258 locis
729 1194 883 1257 attulimus
897 1191 971 1256 Julii
987 1193 1122 1256 Caesaris
1137 1193 1288 1276 Scaligeri
1312 1217 1476 1262 censuras.
1527 1192 1530 1201 '

234 1300 264 1350 et
278 1308 372 1369 grave
384 1298 429 1348 est
442 1285 461 1346 {a
475 1296 560 1346 tauto
574 1281 640 1344 viro
656 1281 774 1358 notari3
796 1301 833 1342 ne
846 1279 912 1361 quis
927 1279 1003 1342 forte
1016 1281 1057 1340 ob
1071 1279 1104 1342 id
1118 1279 1166 1340 vel
1182 1279 1355 1361 quidquam
1371 1283 1478 1344 detra-

235 1372 367 1436 hendum
381 1368 543 1434 arbitretur
553 1367 591 1428 de
604 1365 722 1428 summi
732 1365 830 1440 laude,
842 1385 932 1446 quam
946 1385 998 1446 per
1011 1363 1112 1426 secuda
1123 1377 1297 1426 meruenurt
1306 1364 1400 1428 Ode
1411 1367 1477 1428 Ho-

235 1459 314 1532 ratii,
324 1469 377 1518 erut
387 1454 500 1516 temere
513 1453 616 1514 credat
628 1450 829 1530 Scaligerum,
842 1449 924 1512 velut
936 1448 1066 1530 quidam
1076 1446 1159 1510 Zoili
1171 1449 1294 1510 vesaniis
1305 1452 1474 1532 percitum,

236 1542 379 1602 adversus
392 1539 575 1619 Lyricorum
589 1534 767 1617 Principem
782 1534 1002 1596 debacchatum
1017 1553 1101 1610 esee3
1122 1553 1226 1618 operte
1239 1533 1377 1616 pretium
1394 1535 1474 1596 dux-

235 1624 313 1686 imus
325 1624 373 1686 bic
383 1621 553 1684 describere
563 1619 715 1699 integram
728 1618 850 1680 illustris
862 1616 1070 1700 Hypercritici
1084 1619 1270 1694 senteutiam,
1280 1619 1346 1700 quis
1354 1621 1471 1680 neurim

234 1709 361 1769 dubium
377 1707 564 1788 relinquatur
578 1704 683 1784 quanti
699 1702 765 1765 illas
780 1703 843 1785 ipse
864 1703 1030 1764 aestimirit.
1075 1702 1127 1764 Sic
1142 1703 1234 1768 babet
1247 1702 1340 1766 Po'c't.
1356 1702 1416 1766 lib.
1434 1706 1470 1764 vi.
1535 1744 1536 1755 κ

236 1791 294 1857 Ea
318 1790 466 1854 Horatius
485 1789 612 1851 omniurn
631 1787 809 1850 Latirrornm
836 1786 1063 1870 Gnacoranqne
1080 1785 1242 1856 Poisarnnt
1263 1785 1469 1850 doberniam·
1535 1798 1536 1853 ᾗ

235 1899 307 1938 mus.
336 1876 421 1938 Nam
434 1875 467 1936 in
481 1873 600 1957 [syricii
615 1893 698 1956 quem
711 1893 822 1946 sonam,
835 1892 907 1966 quos
922 1893 1065 1947 numeros,
1110 1893 1179 1934 uam
1190 1871 1372 1954 mm'astatesn
1411 1895 1468 1932 aa·

235 1962 312 2039 sicit,
328 1960 463 2036 obtinuit,
479 1957 653 2042 quaomnia
666 1955 728 2018 cim
742 1955 774 2016 in
789 1954 856 2016 aliis
871 1954 999 2039 negieait
1014 1977 1068 2038 ope
1086 1991 1087 1994 κ
1115 1977 1159 2031 ns,
1174 1955 1344 2018 omisitsine
1355 1895 1467 2040 gioria

165 2075 170 2084 ·
236 2045 409 2129 dispendio:
431 2065 519 2127 qaam
530 2041 700 2124 paritatem,
724 2039 911 2123 elegantiam,
935 2050 1110 2104 venustatem
1129 2040 1161 2102 in
1179 2041 1310 2123 utrisque
1328 2043 1464 2124 appetiit,

236 2143 401 2191 consecutus
416 2137 466 2188 est.
495 2126 537 2186 Et
552 2126 674 2208 postea:
693 2123 734 2186 Ν
732 2145 787 2185 ano
802 2123 842 2184 ud
850 2123 1030 2206 politissima
1045 2124 1105 2207 ‘dm
1119 2124 1252 2188 carmina
1263 2125 1463 2209 commnplan·

235 2212 275 2275 da
290 2224 488 2274 transeamus:
501 2210 532 2270 in
546 2209 650 2294 quibas
663 2207 882 2272 considerandis
893 2207 989 2292 major
998 2207 1097 2270 laudis
1109 2219 1135 2269 et
1147 2208 1364 2286 admirationis,
1376 2212 1462 2294 quiin
1529 2252 1535 2280 ,

235 2295 439 2381 castigationis
454 2303 617 2390 apparatus
632 2294 696 2354 enit.
1188 2347 1195 2358 ,
1529 2299 1535 2332 s

283 2380 456 2442 Cas-ninum
469 2378 565 2461 igitar
578 2374 708 2439 iibri'vel
716 2376 853 2460 jucundi
864 2377 1039 2454 inventione,
1054 2376 1100 2438 nel
1107 2377 1241 2461 paritate
1255 2377 1406 2454 samonis,
1420 2378 1461 2439 rei

225 2464 401 2549 figurarunt
413 2477 472 2523 tarn
487 2461 615 2522 nouitate
628 2473 687 2522 tum
701 2461 851 2537 uariante,
863 2461 988 2545 majores
1002 2472 1070 2524 sant
1083 2463 1162 2524 omni
1175 2483 1234 2524 non
1245 2461 1341 2530 tobim
1351 2461 1460 2546 uitupe-
1534 2483 1535 2508 ³

234 2548 359 2625 ratione,
374 2547 425 2609 sed
439 2547 526 2607 etiam
540 2544 627 2607 lande
638 2569 648 2605 .·
661 2567 753 2629 neque
764 2545 827 2607 solo
842 2544 960 2608 dicandi
970 2568 1079 2630 genere
1093 2545 1206 2622 dandi,
1221 2547 1458 2630 quemadmodum
1535 2562 1536 2611 t

233 2633 350 2728 scripsit
366 2629 582 2717 Quintilianus,
595 2629 742 2705 contenti3
756 2627 852 2691 nerim
866 2631 952 2694 etiam
966 2627 1083 2693 sublimi
1094 2629 1216 2694 marini
1231 2631 1457 2694 commodanda

169 2744 174 2751 ·
239 2717 323 2804 Quid
336 2715 411 2778 enin
423 2715 511 2778 uiti-us
527 2724 580 2776 aut
586 2711 763 2798 praeclarius
777 2713 865 2776 illis?

440 2840 516 2904 Post
531 2842 632 2924 ignem
648 2841 779 2903 aetlrereai
793 2842 885 2903 domo

484 2927 685 3002 Subductum‚
700 2927 811 2987 macies
825 2939 854 2986 et
868 2947 949 2986 nove
963 2924 1090 2986 febrium
1157 2997 1159 3000 Ι

442 3011 546 3074 Terris
562 3013 698 3073 incubuit
711 3013 840 3072 cohors:
920 3043 923 3054 ν

485 3095 660 3178 Semotique
675 3096 758 3178 prius
772 3097 860 3156 tarda
874 3094 1034 3156 necessitas

443 3180 532 3254 lathi
548 3181 626 3241 corsi
651 3182 695 3240 uit
709 3181 849 3261 gradum.

235 3269 307 3334 Itan
321 3267 412 3332 istis(²
446 3265 595 3326 Scribdris
610 3203 708 3325 tiano
723 3264 816 3340 sortis,
832 3276 861 3325 et
876 3264 1005 3324 bostium

303 3371 306 3378 ·
441 3350 551 3412 Victor
564 3349 693 3411 Mfeonii
709 3350 851 3410 carminis
864 3349 943 3424 alite,
959 3351 1014 3410 uic.

235 3438 335 3502 Item?
440 3435 518 3518 Quis
533 3435 663 3497 Martem
679 3434 781 3495 tonici
795 3447 905 3496 tectum
920 3431 1117 3495 adamantini

441 3520 546 3602 Digne
559 3520 718 3604 scripserit,
734 3521 788 3581 bac.

235 3601 335 3669 Item?
482 3605 547 3668 Sub
563 3606 735 3687 lacrymosa
749 3602 855 3686 Trojae

442 3689 576 3766 Famem,
591 3711 628 3752 ue
642 3689 737 3751 virilis

484 3773 594 3837 Cultus
610 3776 640 3836 in
656 3776 770 3836 caedem
785 3786 815 3836 et
829 3771 944 3856 Lycias
957 3771 1126 3856 proriperet
1139 3781 1284 3832 catervas.
1343 3803 1347 3808 ·

234 3857 335 3926 Item?
439 3857 586 3923 Permitte
601 3859 691 3921 Divis
705 3873 826 3935 caetera,
842 3859 893 3941 qui
909 3858 996 3919 simul

443 3943 587 4005 Stravdre
601 3958 707 4006 ventos
722 3965 844 4026 aequore
859 3943 974 4005 servido

442 4026 687 4110 Depraeliantes3
709 4050 765 4091 nec
779 4028 922 4111 cupressi,

481 4111 511 4173 N
514 4133 548 4174 cc
562 4125 677 4174 veteres
693 4113 847 4194 agitantur
861 4113 937 4173 orni.

204 4327 208 4337 Ι
234 4237 311 4301 Hac
324 4247 352 4300 et
366 4235 428 4300 alia
435 4256 495 4322 per
502 4233 719 4320 portiunculas.
763 4236 806 4298 At
819 4235 875 4299 iila
890 4245 961 4312 tota,

481 4360 581 4442 Quem
596 4361 694 4444 virum
710 4374 761 4422 aut
775 4363 868 4423 beroa
882 4360 959 4442 lyris,
973 4361 1023 4423 vel
1038 4361 1100 4424 acri

481 4443 576 4506 Tibia
591 4463 688 4504 sumes
702 4443 865 4524 celebrare,
881 4443 976 4507 clio?

483 4529 584 4610 Quem
599 4525 710 4603 Deum,
726 4528 780 4589 &c
