3154 4918
127 215 503 570 &wia
539 435 805 523 Hortaris
839 436 1067 568 abacos
1316 551 1333 578 .
1413 527 1417 532 ,

1000 575 1005 584 ,
1139 572 1165 600 ,
1273 569 1313 632 a

567 659 629 776 V
673 661 705 776 I
753 661 808 778 Τ
855 601 1203 778 Athamas-‘e'
1232 650 1275 688 ι’.
1309 559 1485 682 {daca
1510 575 1537 690 ,x

923 751 937 804 ⁹
1155 743 1322 924 lya...
1349 753 1533 890 fras?

723 905 787 953 rna
1446 897 1450 931 f
1568 915 1569 980 ss

317 1048 777 1153 nuoovrcuru
821 1017 1212 1178 Daseanz.

590 1317 918 1339 m

148 1460 206 1555 Q.
233 1437 478 1546 ¹HORATlUS
505 1479 709 1541 FLACCUS
734 1481 764 1541 in
781 1479 917 1540 Venusio
937 1481 1058 1562 Apuliae
1079 1484 1192 1566 oppido
1208 1499 1361 1552 natusest.

149 1568 296 1630 ²Patrem
324 1567 429 1626 habuit
455 1564 637 1634 libertinum,
664 1577 693 1620 ct
720 1563 910 1622 exactionum
938 1580 1129 1626 coactorem:
1159 1568 1362 1634 Salsamenta·

124 1721 125 1726 ἵ
148 1653 225 1712 rium
241 1651 375 1712 scribunt
389 1647 500 1726 aliqui:
516 1644 552 1704 eti
568 1644 649 1724 qubd
664 1645 695 1704 in
711 1644 903 1705 altercatione
916 1648 1038 1727 quidam
1054 1647 1184 1711 Horatio
1196 1658 1362 1735 exprobra-

149 1735 234 1810 verit,
248 1733 369 1830 Quotr'ea
380 1750 433 1814 ego
446 1727 507 1791 vidi
516 1737 720 1811 patronaticum
730 1726 886 1790 drocbioac
899 1733 1122 1815 emungebant?
1149 1737 1233 1816 cujus
1246 1739 1362 1802 dicterii

148 1820 284 1880 meminit
307 1811 427 1876 Tullius
450 1819 480 1888 4,
504 1813 543 1874 ad
567 1811 678 1874 Hercu.
725 1812 890 1874 ³Natalern
913 1817 974 1892 ejus
1002 1832 1119 1897 porrum
1141 1819 1260 1880 duobus
1276 1825 1362 1885 annis

148 1915 217 1964 ante
232 1899 467 1980 conjurationem
484 1895 703 1970 Catilinarlam‚
727 1895 764 1958 L.
780 1897 906 1958 Aurelio
922 1898 1014 1959 Cotta
1028 1913 1057 1959 et
1071 1901 1188 1963 Manlio
1202 1903 1362 1986 Torquato

148 1986 255 2048 itertim
277 1981 468 2044 Consulibus
515 1987 525 2018 ⁴
544 1979 672 2061 Apatre
696 1979 828 2040 Romam
848 2002 923 2062 puer
948 1983 1101 2060 deductus,
1123 1986 1223 2066 ibique
1238 1989 1362 2052 honeste

149 2071 302 2143 educatus,
321 2079 411 2146 atque
431 2063 604 2124 liberalibus
625 2063 789 2146 disciplinis
802 2065 950 2126 institutus
969 2081 1021 2130 est.
1067 2079 1078 2110 ⁵
1094 2067 1245 2130 Orbilium
1261 2094 1362 2152 gram·

148 2153 291 2214 maticum
320 2149 444 2211 audivit.
491 2145 617 2207 ⁰Romia
638 2147 773 2208 Athenas
799 2169 830 2208 se
852 2149 988 2224 contulit,
1013 2149 1221 2234 Philosophiae
1245 2156 1362 2217 discen·
1390 2223 1394 2228 ,

149 2239 197 2299 dae
220 2235 320 2298 causi.
366 2231 518 2293 ⁷Athenis
537 2231 605 2290 cam
624 2244 801 2305 versarctur,
826 2253 935 2292 annum
958 2235 1054 2293 aetatis
1073 2255 1166 2314 agens
1187 2238 1362 2302 vicesimum

149 2321 277 2394 tertium,
293 2319 312 2378 a
325 2316 423 2378 Bruto
437 2317 601 2376 abstractus
617 2315 752 2375 adcivile
764 2315 886 2391 bellum,
902 2337 937 2377 ac
947 2315 1100 2380 Tribunus
1115 2320 1242 2381 militum
1257 2323 1362 2400 sactus,

149 2402 337 2486 Philippensi
366 2400 445 2461 cladi
472 2397 613 2458 interluit.
672 2397 900 2474 “Tarmvictus
923 2401 1061 2462 ethonis
1084 2416 1192 2464 exutus
1220 2409 1362 2486 paternis,

149 2499 325 2572 paupertate
339 2484 526 2546 conflictatus
547 2482 587 2542 ad
607 2483 723 2564 poesim
740 2482 873 2543 animum
889 2484 1013 2566 appulit.
1060 2493 1071 2524 ⁹
1089 2485 1171 2547 Hinc
1185 2487 1363 2552 Maecenatis

150 2571 313 2633 amicitiam
329 2567 492 2629 demeruit:
515 2587 550 2626 ac
563 2585 616 2647 per
628 2587 695 2626 eum
711 2567 836 2626 subinde
848 2588 916 2626 curu
931 2568 1071 2648 Augusto
1086 2572 1303 2650 reconciliatus,
1316 2589 1364 2635 ut·

150 2656 234 2735 rique
246 2653 336 2714 valdc
357 2653 464 2712 charus
476 2649 582 2724 extitit,
603 2663 633 2710 et
645 2649 806 2710 liberaliter
818 2650 937 2711 ditatus.
978 2661 1006 2692 ¹⁰
1024 2652 1169 2714 Suetonio
1179 2656 1267 2716 ctiam
1280 2671 1362 2734 teste,

152 2739 280 2824 primirm
304 2737 404 2796 scriba
427 2733 616 2813 eraestorius
639 2733 694 2793 suit
714 2747 781 2814 post
801 2735 919 2794 veniam
941 2737 980 2796 ab
1003 2736 1142 2815 Augusto
1164 2739 1364 2821 impetratam.

155 2835 180 2866 ¹¹
199 2822 311 2883 Animo
327 2833 391 2880 erat
408 2819 425 2878 ia
440 2817 615 2878 tumultibus
631 2818 753 2878 urbanis
765 2816 873 2892 alienu,
887 2839 1092 2900 recessumque
1105 2825 1235 2884 amabat.
1271 2825 1364 2907 Apud

153 2905 284 2970 Sabinos
304 2917 402 2964 autem
415 2901 541 2962 libenter
554 2903 728 2962 morabatur
742 2901 774 2962 in
789 2901 914 2962 fundulo
929 2923 993 2978 suo,
1009 2925 1097 2982 (prtem
1110 2906 1251 2968 describit
1262 2907 1332 2968 Lib.
1343 2909 1363 2970 i.

151 2989 249 3073 Epist.
269 2993 314 3049 16.
364 2998 389 3052 ra
405 2984 486 3047 Hinc
502 2985 725 3046 scribendarum
746 2985 938 3065 epistolarum
953 3007 1059 3046 munus
1072 2990 1111 3048 ab
1125 2990 1265 3070 Augusto
1280 2991 1366 3054 obla·

151 3089 212 3135 tum
228 3070 413 3134 detrectavit.
453 3067 601 3129 ¹³Victtis
622 3068 823 3148 frugalitatem
848 3090 916 3129 cum
937 3071 1083 3131 nrurrditiai
1093 3073 1207 3133 dilexit.
1248 3083 1275 3117 ¹⁴
1293 3072 1367 3137 Fuit

151 3157 286 3239 corporis
301 3156 405 3216 babitu
418 3153 503 3222 brevi
517 3165 546 3212 et
560 3155 674 3213 obesos,
718 3151 767 3212 De
779 3153 892 3232 ingenii
905 3154 1142 3236 scriptorumque
1158 3157 1308 3234 elegantia
1319 3159 1365 3219 ni-

153 3241 193 3302 hil
209 3255 252 3301 cst
267 3240 349 3321 qaod
364 3239 477 3311 dicam‚·
497 3236 564 3296 ciam
580 3249 624 3297 tot
638 3235 750 3296 saecula
764 3257 825 3296 nou
840 3237 902 3298 sine
923 3238 1120 3300 admiratione
1135 3231 1368 3320 praedicaverint

145 3326 283 3406 junctam
297 3325 335 3384 ab
351 3343 387 3382 eo
402 3323 433 3382 in
442 3320 625 3382 carminibus
637 3319 1024 3381 Anacreontis'suavitatem
1037 3343 1105 3382 cum
1118 3321 1244 3384 Pindari
1257 3325 1366 3387 virtute

151 3422 179 3470 ct
195 3407 396 3469 sublimitate:
418 3405 449 3466 in
465 3405 650 3464 sermonibus
664 3403 735 3464 verb
750 3425 818 3464 cam
832 3404 1023 3466 dicacitatem
1036 3407 1193 3482 urbanam,
1218 3405 1277 3487 quai
1291 3407 1366 3472 nihil

151 3493 287 3555 solertius
299 3503 329 3552 et
343 3489 491 3570 sagacius,
534 3487 673 3548 Mortuus
688 3500 733 3548 est
747 3508 826 3548 anno
842 3489 938 3548 aetatis
957 3493 1006 3548 57.
1050 3487 1231 3570 Erravitque
1249 3489 1365 3553 librarii

153 3597 258 3638 manus
277 3598 315 3637 ex
340 3565 486 3634 Suetcinio
510 3571 663 3632 scribentis
681 3575 730 3632 59.
778 3581 805 3612 ¹⁵
824 3571 993 3650 Augustum
1009 3571 1159 3632 haeredem
1173 3573 1274 3654 palam
1290 3596 1367 3636 nun-

152 3661 284 3743 cupavit.
328 3657 433 3720 Humo
456 3656 594 3718 conditus
615 3669 659 3716 est
678 3653 820 3716 extremis
838 3653 994 3736 Esquiliis,
1010 3656 1102 3736 juxta
1119 3655 1297 3719 Maecenatis
1319 3671 1367 3719 tu·

152 3745 275 3807 mulum.

185 3908 196 3952 1
214 3909 265 3955 Lib.
275 3911 298 3954 2.
309 3909 388 3955 Satira
401 3909 420 3953 1.
432 3921 500 3953 versu
510 3905 548 3953 ³5.
824 3907 840 3949 9
855 3904 906 3952 Lib.
918 3905 938 3948 1.
950 3904 994 3948 Ori.
1005 3903 1040 3950 ta.
1051 3904 1102 3949 Lib.
1113 3903 1191 3950 3.·0d.
1202 3903 1236 3950 16,
1248 3903 1324 3962 Epod.
1336 3905 1357 3950 l.

182 3970 199 4012 ἢ
215 3969 265 4015 Lib.
278 3971 297 4016 1.
309 3970 358 4016 Sat.
368 3971 383 4014 4
394 3978 418 4014 et
429 3969 451 4014 6.
807 3967 837 4012 lo
852 3965 903 4010 Lib.
915 3967 936 4012 2.
949 3965 997 4010 Sat.
1008 3968 1030 4011 6.
1041 3981 1062 4010 v.
1074 3967 1111 4010 36.
1184 3967 1186 3975 ⁴

183 4031 199 4075 3
215 4027 267 4074 Lib.
278 4032 321 4078 Od.
332 4033 369 4077 at.
381 4031 457 4088 Epod.
471 4031 506 4074 13.
809 4028 834 4072 11
852 4027 903 4072 Lib.
917 4027 936 4071 1.
950 4026 998 4072 Sat.
1010 4029 1031 4070 6.
1044 4027 1094 4071 Lib.
1107 4027 1127 4070 1.
1143 4025 1217 4084 Epist.
1230 4026 1265 4071 10.

182 4092 199 4136 4
215 4090 266 4136 Lib.
280 4093 299 4136 1.
312 4091 359 4138 Sat.
370 4093 392 4136 6.
404 4092 455 4138 Lib.
465 4092 487 4136 2.
499 4089 654 4148 Epistula
810 4089 839 4133 12
857 4087 951 4133 Sueton.
963 4089 987 4132 in
999 4087 1045 4131 rita
1057 4088 1157 4133 Horatii.

77 4207 79 4214 y
183 4153 199 4198 b
215 4151 267 4197 Lib.
279 4152 301 4196 2.
311 4151 385 4210 Epist.
398 4155 417 4198 1.
811 4149 839 4195 13
855 4149 906 4194 Lib.
928 4150 947 4192 l.
964 4149 1001 4194 Od
1025 4150 1061 4194 ³1.
1079 4149 1130 4194 Lib.
1144 4149 1166 4194 2.
1181 4147 1230 4194 Sat.
1244 4148 1266 4192 6.
1281 4145 1332 4193 Lib.
1346 4146 1366 4194 1.

182 4215 199 4257 6
215 4213 266 4258 Lib.
278 4211 385 4271 &Epist
400 4214 418 4258 l.
902 4209 976 4266 Epist.
988 4211 1010 4254 ὃ.

183 4273 199 4320 'l
214 4274 266 4319 Lib.
277 4275 300 4318 2.
311 4273 355 4319 od.
363 4273 442 4320 abab.
452 4273 475 4320 3.
486 4273 529 4322 0d.
543 4273 577 4320 tl.
591 4272 642 4320 Lib.
662 4272 681 4318 1.
697 4269 746 4317 Sat.
809 4271 839 4316 14
855 4270 906 4315 Lib.
916 4271 936 4315 l.
948 4270 997 4314 Sat.
1008 4271 1030 4316 3.
1043 4270 1093 4316 Lib.
1107 4271 1125 4316 l.
1135 4267 1211 4327 Epist.
1221 4268 1243 4315 4.
1254 4275 1278 4315 el
1288 4269 1328 4315 20.

276 4335 299 4379 o.
308 4350 329 4378 r.
340 4333 377 4378 48.
810 4333 838 4378 15
855 4331 950 4379 Sueton.
961 4331 1000 4378 cit.

184 4395 201 4441 0
216 4393 267 4444 Lib.
278 4397 299 4442 2.
310 4394 386 4454 Epist.
396 4396 419 4442 2.
436 4435 439 4445 .
788 4411 800 4456 1
811 4410 828 4444 a
