3154 4918
490 261 732 366 omnrnmr
754 261 893 328 niune
912 262 937 327 1.
961 267 990 328 a.
1185 235 1189 250 ’
1308 274 1343 332 11

136 401 346 498 Nequicquarn
357 413 441 477 Deus
454 411 582 474 abscidit
838 470 844 476 .
997 410 1346 485 eminenemprovieum.

90 501 92 506 ’
176 497 314 563 Prudens
326 499 452 562 Oceano
466 495 649 558 dissociabili
999 506 1050 566 ram
1066 487 1345 595 rep-egaeitamartms-

137 581 537 666 Τθῐῃῑὸῑ1111111111Ε
995 563 1345 660 ititdtnlntlttaiti

177 667 250 730 Non
262 667 415 748 tangenda
427 679 503 726 rates
515 661 682 725 transiliunt
696 666 783 728 vade.
998 691 1042 720 nus
1053 675 1114 719 vade
1126 671 1220 720 minime
1228 673 1346 720 tentanda.

136 750 486 834 intentent
950 735 1347 858 eununeuetle

180 833 262 898 Gens
274 837 405 896 humana
420 834 477 893 ruit
491 853 543 915 per
556 831 679 894 vetitum
694 833 785 896 nefas.
1001 873 1045 918 que
1061 860 1091 912 ,d
1104 857 1209 904 fenora
1224 857 1346 914 propina„
1400 899 1402 910 Ι

137 920 248 982 Audax
262 918 357 1001 Iapeti
372 939 465 999 genus
999 921 1145 967 Temerarius
1153 918 1226 976 tapeti
1235 919 1346 976 erinene-

148 1004 163 1018 '
179 1003 284 1084 Ignem
300 1003 403 1064 fraude
418 1000 497 1063 meld
511 1000 649 1081 gentibus
662 999 770 1062 intulit.
998 981 1276 1102 fflssssossgfiiiotsffffi
1285 981 1346 1087 {gig

137 1085 213 1149 Posi
227 1088 324 1168 ignem
341 1085 468 1148 aethereei
482 1086 572 1146 domo
791 1145 797 1156 ,
939 1103 992 1166 [19]
1002 1107 1136 1162 subreptum
1163 1111 1236 1148 terras
1263 1103 1346 1148 invasit

180 1171 376 1246 Subducturn,
391 1170 509 1244 macies,
523 1181 551 1229 et
565 1189 645 1230 nova
659 1169 784 1230 sabrina
951 1169 991 1228 30
1000 1167 1085 1238 macies
1094 1165 1346 1251 cotemnenda-moruo-

137 1253 240 1316 Terris
255 1255 389 1316 incubuit
402 1255 529 1329 cohors3
1000 1229 1347 1336 ffiffifflffifefffi

178 1337 352 1420 Semetique
366 1339 448 1421 priris
462 1338 549 1398 tarda
563 1337 721 1398 necessitas
999 1365 1094 1408 passum
1103 1349 1247 1394 acceleravit.
1264 1347 1347 1392 Deda-

137 1421 537 1505 Lethuorrnuteadum·

179 1506 329 1590 Expertus
337 1528 465 1568 vacuum
476 1503 622 1566 Daedalus
634 1506 717 1580 aera,
1001 1532 1123 1578 concessis.
1150 1530 1347 1576 veneremini

45 1623 48 1628 ¹
137 1589 249 1652 Pennis
264 1613 323 1652 non
336 1591 450 1652 boniini
463 1588 549 1649 datis.
952 1585 990 1645 35
1000 1594 1023 1639 ni
1034 1593 1143 1651 patefecit
1152 1593 1278 1638 aditnmad
1287 1591 1347 1638 infe-

178 1673 319 1756 Perrnpit
331 1674 504 1734 Acheronta
519 1669 684 1731 Herculeus
696 1667 791 1732 labor.
999 1654 1305 1774 ffifflffiffissffi
1313 1668 1346 1760 {ff

138 1756 190 1817 Nil
202 1756 380 1818 mortalibus
395 1756 520 1816 arduum
533 1765 585 1814 est.
1001 1778 1114 1824 sem„
1136 1791 1177 1836 per
1198 1777 1346 1822 dementiam.

180 1839 301 1902 Coelum
316 1841 412 1922 ipsum
425 1839 550 1922 petimus
561 1835 812 1918 stultitiiazneque
943 1833 951 1848 ⁶
999 1837 1130 1912 maeoseu
1149 1839 1346 1912 criminantem
1400 1902 1404 1908 ,

139 1922 200 1985 Per
211 1938 343 1985 nostrum
377 1924 485 1984 atimur
499 1922 592 1984 seclus
999 1899 1202 2011 ffiffisffffi
1210 1907 1299 1947 aarum
1313 1899 1346 1944 ὼ·

178 2006 330 2070 Iracunda
363 2028 447 2070 ovem
459 2027 571 2089 ponere
583 2003 717 2067 fitlmina.
949 2005 991 2064 40

515 2213 517 2218 ’
609 2203 871 2254 matermortua

37 2379 40 2392 ,
139 2331 200 2394 qubd
208 2335 290 2380 crebro
298 2331 394 2378 fulmine
406 2331 563 2388 percutiantur
572 2343 651 2375 eorum
663 2329 726 2376 sasti-
757 2327 921 2390 taittdignetio
939 2323 957 2379 .’
961 2367 1057 2380 .....
1073 2331 1138 2379 tabor
1153 2336 1204 2380 eta
1234 2330 1281 2378 'dio
1333 2331 1338 2340 ’

138 2391 439 2502 ςήα,εἰοι(111ε11ἆέι.κιμιᾘς
450 2391 727 2500 suinterpetengorrum·
757 2387 827 2496 'llli''
850 2396 870 2438 el
887 2391 928 2454 pul
944 2389 1008 2442 addit
1024 2393 1149 2450 eternum,
1210 2393 1220 2422 ='
1247 2392 1296 2440 eil
1324 2408 1347 2440 o·

137 2469 208 2504 mum.
258 2470 278 2500 rc
306 2469 339 2500 cst
387 2465 396 2501 t
432 2465 518 2502 oratius
551 2467 727 2501 croceraunrum
758 2465 783 2495 r·
807 2488 812 2497 .

139 2517 326 2564 Promontorium
356 2533 402 2564 ono
419 2517 479 2564 mari
501 2515 631 2572 immittens,
650 2510 727 2572 vulgi,
788 2515 824 2560 29.
841 2514 982 2576 Paelignum
992 2515 1097 2572 ethereo,
1113 2513 1165 2578 tre]
1183 2515 1348 2562 Animadverte

142 2577 204 2639 Cape
219 2577 278 2624 delle
292 2577 404 2634 Chimera,
418 2577 469 2625 aliis
484 2577 545 2638 Cnpo
557 2575 617 2624 dello
628 2576 727 2634 Lingua-
759 2588 894 2633 expressum
907 2579 990 2624 subulis
999 2579 1056 2623 Adae
1068 2585 1199 2636 peccatum,
1210 2579 1347 2636 peccatique

139 2643 169 2688 lo.
201 2639 391 2698 lnEpirosltuua
407 2648 450 2696 cst,
467 2640 604 2697 nonprncul
624 2636 729 2684 Albania}
760 2635 883 2696 stipendia,
894 2648 1001 2696 mortem,
1015 2641 1115 2696 morbos,
1127 2639 1252 2698 molestias,
1265 2648 1308 2685 etc.
1319 2655 1349 2686 ex

139 2700 230 2748 linibus.
760 2697 872 2754 Hesiodo,
884 2695 936 2746 clm
944 2701 1022 2761 ignem
1031 2701 1120 2748 furatus
1128 2709 1190 2748 esset
1197 2699 1348 2748 Prometheus

169 2764 205 2808 21.
221 2762 380 2824 Neqnicquens
389 2763 452 2810 Dctu
462 2761 566 2818 abscidit,
577 2761 629 2824 he]
651 2759 729 2806 Voluit
759 2759 790 2806 ad
803 2761 940 2808 animandae
952 2771 1040 2808 statuas
1051 2775 1064 2806 e
1075 2763 1123 2810 luto
1132 2761 1145 2808 d
1157 2777 1180 2808 se
1192 2764 1265 2818 lictae,
1277 2763 1349 2810 iratus

138 2823 203 2870 Deus
214 2826 316 2882 pericula
325 2826 395 2872 maris
404 2839 484 2871 arcere
493 2827 523 2870 ab
531 2825 673 2878 homiuibua3
684 2821 728 2880 ipsi
759 2821 852 2880 Jupiter
861 2822 996 2870 Pandoram
1004 2823 1028 2868 in
1039 2832 1114 2870 terras
1126 2823 1196 2881 misit,
1207 2837 1257 2882 qure
1266 2824 1349 2883 apertd

138 2884 193 2932 verb
213 2885 258 2932 illis
277 2901 302 2932 ee
321 2885 381 2932 tdtrd
399 2886 551 2932 committunt.
583 2883 645 2931 Bene
656 2883 729 2929 Poeta
759 2884 846 2944 pyxide
857 2885 920 2930 mala
931 2885 1009 2930 emnia
1020 2883 1119 2932 diffudit.

139 2945 233 2992 uraecus
252 2946 285 2992 uit
293 2961 300 3003 ;
321 2947 409 3004 Querela
426 2952 456 2994 ot
475 2947 562 2993 deletor
577 2951 649 2994 muter
660 2959 728 3006 pum
790 2945 826 2990 32.
842 2945 917 2993 Turde
924 2945 1057 3007 meruitne]
1070 2945 1205 2994 Melioribus
1211 2947 1293 2994 seculis
1301 2947 1350 2994 vita

137 3021 241 3064 novena,
256 3007 318 3054 tordd
333 3023 376 3056 esee
394 3015 479 3055 terrem
495 3007 554 3056 meri
594 3006 727 3054 tabidorum.
758 3007 905 3054 erathomini
916 3008 1052 3054 diuturnior.
1070 3007 1092 3054 S.
1105 3009 1217 3070 cyprian.
1226 3009 1313 3068 Epll.
1325 3007 1348 3055 S.

138 3067 193 3116 Bias
206 3079 283 3116 eutem
299 3069 416 3128 sapienter
431 3071 539 3126 dicebat;
587 3068 728 3116 asteismo
758 3068 856 3130 August.
866 3069 906 3116 lib.
922 3071 944 3116 ii.
955 3073 985 3116 de
998 3069 1111 3129 Cineap.
1122 3071 1156 3116 14.
1182 3069 1256 3116 Perrh
1268 3085 1297 3115 ex
1313 3085 1349 3116 aa·

138 3131 232 3176 mortuis
247 3131 358 3177 accenseri
372 3132 506 3192 navigantes
521 3131 604 3178 dedere.
759 3130 805 3178 cria
813 3127 930 3178 codicibus
941 3140 1055 3178 noverunt
1070 3132 1163 3178 Ethnici
1176 3131 1356 3190 productiorem

169 3193 206 3236 25.
225 3191 309 3238 Ontniu
317 3192 423 3253 perpete]
447 3192 563 3245 Quidlibet
581 3193 673 3252 agendo
687 3205 728 3250 pa·
759 3207 787 3238 ac
803 3193 931 3300 longiorem
948 3193 1017 3240 luisse
1029 3193 1100 3240 vitam
1115 3195 1195 3252 primis
1210 3179 1348 3238 bominibus.

139 3251 264 3312 alendoque
282 3252 365 3309 moliri,
382 3261 408 3300 ut
422 3253 480 3300 nihil
495 3261 617 3314 grareuut
630 3255 728 3298 eduum
760 3252 819 3301 Plio.
854 3255 1039 3302 rocem.lib.rir.
1059 3253 1349 3316 Quondouoluplaeoiuere

141 3314 254 3362 videatur.
759 3315 832 3378 cepit,
842 3316 889 3362 citu
899 3316 948 3378 ipse
956 3317 1027 3364 desiit.

169 3375 206 3422 27.
223 3373 394 3442 lupciigenua]
411 3375 571 3432 Prometheus,
582 3379 611 3424 de
621 3391 666 3436 quo
677 3390 731 3434 pos·
791 3379 829 3424 34„
844 3377 971 3440 Daedalea]
988 3379 1010 3426 ls
1022 3380 1089 3425 saber
1100 3377 1246 3424 Atheniensis
1259 3379 1348 3436 peritit-

139 3447 178 3482 tea
194 3435 245 3482 Ode
264 3439 298 3484 16.
311 3447 334 3484 et
345 3437 384 3484 lib.
397 3437 420 3485 ii.
439 3439 488 3485 Ode
499 3439 539 3485 13.
561 3439 645 3486 Scribit
658 3437 732 3484 Theo·
763 3441 833 3486 simus
844 3450 896 3486 erttt
903 3450 926 3486 et
937 3439 1048 3500 perquam
1060 3439 1200 3498 ingeniosus,
1217 3441 1288 3486 multa
1299 3442 1348 3498 qui·

140 3500 256 3556 phraates,
266 3497 354 3546 idcircd
366 3499 412 3546 dici
422 3499 587 3549 Prometheum
598 3499 728 3548 bominibus
760 3504 814 3548 dem
825 3502 924 3546 invenit:
936 3502 989 3547 navi
998 3499 1086 3558 primus
1094 3500 1177 3548 dicitur
1186 3501 1244 3558 vela,
1253 3503 1348 3560 melum,

141 3559 231 3608 dedisse
249 3560 328 3621 ignem
340 3561 405 3608 Coelo
422 3561 552 3620 dereptum,
568 3562 608 3620 qui
626 3561 732 3616 Philosos
761 3571 875 3610 antennas
886 3563 1029 3621 imposuisse.
1060 3561 1189 3610 Pausanias
1206 3563 1229 3610 in
1247 3563 1349 3622 Benticis,

107 3623 110 3631 '
141 3619 220 3678 phium
229 3637 257 3670 ac
265 3623 344 3670 lumen
356 3621 732 3682 vitaeintellectualia,quaedivina
761 3623 820 3670 Plin.
836 3624 875 3670 lib.
886 3623 923 3670 vii.
939 3638 990 3682 cap.
1003 3625 1040 3669 56.
1053 3623 1105 3683 jam
1124 3625 1161 3669 eit.
1177 3623 1234 3670 lude
1251 3625 1348 3672 fabulati

141 3689 183 3736 ert,
198 3683 332 3730 mortalibus
352 3683 445 3732 invexit.
477 3683 514 3732 Ex
534 3683 649 3730 Cio'l‘ua.
667 3685 689 3730 5.
708 3690 731 3728 et
761 3683 945 3732 suntDaedalum
956 3683 1347 3746 pennissibiceritcompactisaro-

141 3741 200 3796 aliis,
218 3743 370 3792 Prometheus
387 3745 494 3792 Caucaso
518 3745 600 3792 affixus
626 3745 729 3804 tingitur,
759 3746 819 3791 llaec
831 3743 921 3792 Minoia
938 3761 1012 3807 regna
1029 3747 1163 3806 fugientem,
1181 3749 1210 3792 de
1227 3765 1273 3807 quo
1284 3749 1348 3810 Virg,

142 3799 203 3860 qudd
212 3819 241 3849 ex
251 3820 279 3852 eo
292 3815 369 3854 monte
383 3805 495 3854 altissimo
504 3806 606 3854 siderum
622 3817 730 3852 naturam
760 3807 925 3854 AEneidviv.
938 3807 1184 3856 lauantemne.
1196 3809 1347 3858 Diodorsic.
1374 3817 1377 3827 '

141 3866 729 3933 acmotnmamdiosdcontemplaremr:ibiquecoe·
760 3868 798 3913 lib.
808 3883 830 3913 v.
841 3883 892 3928 cap.
906 3871 940 3918 13.
951 3867 992 3916 ire.
1056 3881 1058 3885 '

140 3925 232 3970 lectrum
243 3927 366 3986 cognitioni
375 3929 611 3976 acduldincurnberet
629 3927 660 3974 Et
668 3927 731 3984 qudd
790 3929 827 3974 36.
843 3929 917 3978 Petro
937 3931 942 3941 '
961 3930 1086 3979 adeona
1097 3931 1222 3979 Herculeus
1231 3932 1312 3993 lobon]
1325 3934 1348 3980 le

141 3985 226 4056 exinde
238 3987 357 4056 fulminum
369 3990 483 4038 rationem
494 3989 730 4049 perscrutatuahomi·
761 3992 889 4038 inseremus
926 3996 991 4041 uvius
1010 4008 1053 4052 pro
1068 3994 1122 4052 ipsis
1139 3995 1218 4040 inseris
1236 4011 1281 4040 non
1294 3993 1349 4040 rard
1385 3987 1392 3998 ⁵

140 4047 208 4094 nibus
220 4045 349 4103 induisset,
358 4051 454 4098 fabulati
464 4061 517 4098 aunt
525 4052 604 4112 ignem
612 4052 730 4098 caelestem
760 4053 854 4110 ponitur
864 4057 958 4114 synecd.
989 4055 1025 4102 De
1037 4055 1146 4111 Hercule,
1158 4057 1254 4116 ejusque
1265 4056 1347 4102 labori-

141 4111 171 4154 ab
182 4124 210 4154 eo
222 4118 351 4166 surreptum
364 4126 391 4156 ac
402 4112 425 4158 in
438 4123 511 4160 terras
524 4114 635 4160 delatum.
659 4111 729 4160 Deni-
760 4115 811 4170 bne,
828 4115 883 4161 alibi
899 4131 956 4174 noa;
976 4119 1012 4164 cit.
1030 4116 1085 4164 verb
1096 4117 1193 4164 Diodor.
1204 4117 1261 4174 fuse,
1272 4118 1312 4162 lib.
1325 4131 1347 4160 v.

141 4183 185 4228 quc
197 4171 275 4216 vultur
290 4185 331 4216 eeu
344 4172 422 4228 aqtdla
434 4188 475 4219 cer
484 4173 544 4220 illius
558 4173 677 4230 vellicans,
690 4189 730 4232 op·
761 4190 790 4222 ca
807 4175 895 4223 ,2.1κ.

141 4229 195 4278 time
211 4231 327 4304 significat
342 4232 483 4280 anxietatem
502 4235 574 4282 enimi
589 4245 678 4284 nauare
691 4251 727 4282 ar·
821 4273 827 4282 .
846 4237 1131 4300 Getamiparmpntmra]
1150 4239 1188 4286 Sic
1195 4237 1346 4290 Phaeneae

141 4306 201 4338 cana
224 4293 328 4340 rimantis
350 4300 374 4339 et
397 4308 443 4340 non
458 4295 508 4342 sine
533 4297 612 4343 labore
636 4297 728 4344 investi·
759 4313 804 4358 quo
822 4299 861 4346 lib.
876 4299 959 4348 taor.
972 4301 1006 4346 11.
1039 4301 1076 4348 Sic
1088 4298 1208 4360 Gigantes,
1225 4297 1346 4358 dequibus

141 4352 224 4418 guntin.
250 4353 338 4404 Fecles.
359 4356 378 4406 l.
408 4353 728 4426 lnmulldtupientidtnul·
759 4362 798 4406 lib.
810 4360 833 4406 ii.
844 4361 888 4408 Od.
903 4363 937 4408 12.
948 4371 971 4408 et
985 4363 1018 4410 19.
1029 4362 1069 4408 lib.
1087 4360 1119 4408 iii.
1131 4358 1256 4408 uentre
