3154 4918
537 163 878 272 o'uaonouosn.
1300 229 1339 276 xv

115 359 207 424 Anno
222 357 258 422 ab
277 353 316 422 U.
336 353 374 418 G.
417 351 508 417 Anno
524 363 591 416 ante
604 351 638 417 J.
658 351 695 415 0.
737 353 829 414 Anao
843 349 924 414 Hor.
1015 347 1260 417 CONSULES.

297 485 359 546 rar
612 485 651 542 14
831 482 872 539 ao
906 433 975 599 {¹5
990 433 1143 603 pgppus

159 613 318 693 Augustus
330 608 450 672 -Caesar
464 605 593 670 Liciniae
607 604 786 668 Maecenatis
801 605 905 668 uxoris
919 623 1022 665 amore
1045 605 1197 686 abreptus,
1213 603 1245 666 in
1269 602 1344 668 Gal-

118 698 192 760 liam
204 693 415 779 proficiscitur,
428 713 488 773 quo
500 691 622 752 liberitls
633 711 702 750 cum
714 690 752 750 eb
766 689 907 769 degeret3
922 688 1027 750 relicto
1042 689 1081 749 ad
1093 689 1175 750 urbis
1186 689 1345 771 praesectu-

119 802 186 844 ram
202 779 323 842 Statilio
337 775 455 852 Tauro,
470 796 526 857 pro
549 773 699 856 Agrippi,
715 786 767 834 aut
789 774 889 855 potius
911 791 968 854 pro
982 771 1116 834 Messala
1131 773 1278 848 Corvino,
1294 773 1345 853 qni

121 867 162 927 ad
177 865 212 926 td
231 883 340 924 munus
360 862 457 922 minus
471 860 608 935 idonens,
622 879 689 918 eam
704 856 810 940 paucis
824 857 931 918 diebus
946 869 1100 936 tenuerat3
1114 857 1202 939 hujus
1217 857 1288 920 arrni
1303 867 1347 918 est

122 948 184 1012 Od.
201 955 228 1010 1.
245 945 315 1010 Lib.
331 945 373 1007 iii.
389 942 450 1006 Od.
465 946 495 1005 2.
510 956 540 1004 et
557 947 604 1004 10.
620 940 692 1002 Lib.
708 941 748 1002 iv.
912 981 986 1145 {M
1000 981 1118 1044 Drusus
1132 982 1214 1045 Libo

836 1049 873 1107 51

304 1054 366 1112 738
618 1049 656 1107 13
1027 1068 1033 1082 ·
1141 1075 1145 1084 =

166 1155 318 1219 Sicambri
332 1168 362 1216 et
375 1114 481 1216 Rliaeti
495 1173 550 1236 per
562 1150 699 1214 Drusum
711 1165 741 1214 et
752 1149 911 1214 Tiberium
926 1065 1134 1227 uiuidiorem
1146 1152 1302 1235 Augustus
1316 1151 1347 1213 in

125 1240 228 1305 Galliis
239 1259 356 1303 moram
371 1237 473 1300 trahit.
944 1275 1003 1338 Cn·
1019 1276 1166 1340 Lentulus

304 1347 367 1404 739
619 1344 659 1403 12
839 1344 880 1400 52
914 1277 990 1439 inl.
1011 1359 1140 1424 Crassus

166 1449 343 1512 Absentiam
363 1447 495 1528 Augusti
515 1446 704 1529 impatienter
724 1446 795 1506 satis
818 1445 953 1508 tulerunt
974 1443 1272 1526 Romani‚‚reditum
1287 1446 1350 1528 ejus

125 1535 214 1598 avide
229 1545 416 1614 exoptantes
461 1529 560 1594 Facta
574 1543 619 1591 est
632 1529 694 1592 Od.
710 1533 740 1590 2.
756 1543 786 1590 et
800 1535 828 1592 5.
844 1528 915 1590 Lib.
931 1529 971 1590 iv.

305 1665 368 1723 74⁰
619 1662 655 1719 ll
839 1657 879 1716 53
914 1611 1087 1775 {Tiberius
1101 1607 1208 1676 Nero'

944 1694 1109 1780 Quintilius
1123 1695 1224 1760 Varus

166 1787 261 1850 Redit
271 1787 427 1868 Augustus
441 1781 585 1860 Romam,
602 1783 696 1864 aquo
710 1784 812 1864 jussus
824 1779 981 1856 Horatius,
994 1779 1173 1858 Victoriam,
1194 1803 1285 1864 quam
1306 1803 1350 1845 se·

125 1873 224 1934 decim
241 1869 297 1933 'aut
315 1869 484 1931 octodecim
503 1869 655 1930 mensibus
674 1880 744 1929 ante
763 1866 801 1927 de
815 1864 994 1941 Vindelicis,
1009 1865 1129 1926 Rhaetis
1143 1881 1172 1927 et
1186 1866 1351 1930 Sicambris

126 1969 319 2040 reportarant
332 1951 450 2014 Drusus
465 1965 494 2013 et
508 1951 662 2029 Tiberius,
675 1950 794 2026 cecinit.
820 1947 882 2033 Ep.
908 1955 938 2011 7.
961 1962 991 2010 et
1015 1953 1064 2036 10.
1088 1949 1159 2012 Lib.
1175 1951 1194 2011 i.
1210 1972 1272 2012 non
1286 1951 1352 2014 lon·

126 2041 167 2123 gt
183 2043 222 2103 ab
237 2041 297 2102 hoc
312 2054 448 2121 tempore
464 2039 583 2126 absunt:
675 2065 679 2070 ’
946 2074 992 2137 Μ’,
1008 2073 1111 2138 Valet·
1126 2075 1261 2140 Messala

307 2149 366 2207 rn
622 2145 661 2202 1⁰
842 2143 883 2201 54
917 2079 984 2238 ln.
1000 2159 1146 2244 sulpitius
1161 2160 1307 2241 omanus

167 2250 318 2332 Agrippae
341 2267 434 2310 mors.
462 2244 563 2306 Novae
577 2243 671 2305 Drusi
686 2256 716 2306 et
728 2242 847 2305 Tiberii
862 2245 900 2308 de
915 2243 1092 2322 Vindelicis,
1107 2245 1236 2322 Rbaetis,
1251 2259 1281 2308 et
1304 2245 1352 2308 Si·

127 2334 259 2398 cambris
273 2332 423 2394 victoriae.
452 2327 574 2411 Scripta
587 2342 632 2390 est
651 2328 713 2390 Od.
732 2333 780 2390 15.
796 2327 866 2390 Lib.
882 2331 921 2391 iv.
966 2329 1046 2410 Quae
1059 2328 1137 2407 Ode,
1153 2349 1220 2391 meo
1232 2331 1353 2412 quidem

122 2418 253 2499 judicio,
268 2416 375 2477 ultima
388 2414 443 2476 suit
458 2413 603 2491 omnium,
616 2433 672 2476 nec
685 2412 792 2475 melius
805 2414 905 2496 potuit
917 2414 1007 2498 quim
1023 2414 1054 2475 in
1067 2415 1200 2496 Augusti
1213 2415 1353 2478 laudibus

129 2503 220 2565 finem
234 2501 344 2563 facere·
886 2549 890 2554 “
934 2539 971 2602 Ρ.
987 2539 1065 2603 Fab.
1080 2541 1236 2604 Maximus

312 2608 376 2668 74²
627 2608 647 2666 9
829 2609 869 2666 55
930 2627 973 2710 Q.
988 2624 1087 2689 AElins
1100 2624 1227 2690 Tubero

171 2707 229 2771 His
244 2707 332 2772 Coss
346 2709 376 2769 ni
390 2707 489 2784 sallor,
504 2708 661 2789 Augustus
676 2705 811 2767 Lollium
827 2707 865 2771 C.
882 2709 964 2772 Caes.
994 2709 1106 2794 Nepoti
1121 2724 1192 2772 octo
1207 2731 1354 2774 annorum

130 2793 286 2876 piaesecit3
301 2794 358 2854 hac
373 2793 411 2855 de
426 2815 458 2854 re
474 2794 577 2855 scribit
591 2791 701 2855 Horat.
718 2792 757 2853 ad
771 2790 907 2854 Lollium
922 2793 983 2877 Ep.
1002 2801 1048 2857 18.
1065 2793 1134 2856 Lib.
1150 2795 1170 2857 i.

311 2923 375 2982 743
625 2925 645 2981 3
825 2923 864 2980 56
929 2877 989 2940 Jul.
1006 2880 1157 2941 Antonius

931 2963 970 3045 Q.
986 2962 1064 3026 Fab.
1078 2963 1234 3026 Maximus

173 3045 236 3110 Jul.
250 3045 362 3110 Florus
376 3068 445 3108 cnm
460 3044 588 3107 Tiberio
602 3046 635 3106 in
649 3044 812 3106 Pannonia
823 3049 1010 3124 versabatur,
1023 3049 1092 3110 huic
1104 3048 1238 3110 inscribit
1250 3045 1311 3129 Ep.
1327 3051 1356 3108 2.

132 3129 203 3192 Lib.
228 3129 260 3192 ii.
275 3129 331 3192 suit
345 3131 403 3194 hoc
419 3151 545 3214 operum
559 3129 667 3191 Horat.
683 3129 840 3188 nltimam:
856 3150 917 3192 non
941 3133 1033 3214 liquet
1056 3135 1137 3194 certe
1151 3151 1266 3208 eorum,
1283 3152 1357 3212 quo·
1397 3211 1408 3234 ι

133 3235 200 3278 rum
213 3227 329 3297 tempus
344 3227 388 3276 est
399 3216 556 3290 incerttnu,
567 3213 661 3274 ullum
674 3224 742 3295 post
755 3213 835 3274 hnnc
848 3235 959 3279 annum
974 3219 1106 3300 potuisse
1121 3216 1221 3278 scribi.

314 3346 377 3404 744
625 3346 644 3402 r
825 3345 864 3403 ετ
902 3301 981 3465 3⁰¹·
997 3301 1116 3402 911513

931 3385 972 3466 Q.
989 3385 1150 3468 Crispinus

177 3468 296 3534 Drusus
310 3470 462 3533 tricesimo
477 3470 574 3533 aetatis
586 3491 666 3534 anno
681 3471 713 3533 in
729 3469 895 3534 Germania
910 3472 1046 3531 moritur.

316 3601 378 3660 745
628 3601 647 3658 6
829 3602 870 3660 53
934 3553 979 3615 M.
997 3553 1183 3615 Censorinus

934 3638 1057 3700 Asinius
1073 3635 1179 3701 Gallus

177 3721 312 3786 Mensem
328 3723 469 3786 Sectilem
483 3725 525 3786 ita
537 3723 662 3800 dictum,
675 3725 759 3806 quod
771 3723 789 3785 ὲ
800 3722 914 3785 Martio
926 3737 1026 3785 vetere
1039 3724 1107 3785 anni
1121 3722 1271 3806 principio
1284 3721 1362 3786 Sex·

135 3821 184 3868 tus
195 3821 279 3886 esset,
290 3809 310 3871 ti
320 3831 373 3872 sao
386 3808 558 3892 cognomine
569 3808 742 3890 Augustum
755 3807 945 3892 nuncupauit,
955 3809 1061 3892 magis,
1085 3808 1152 3868 adm
1169 3806 1362 3891 Septembrem

138 3891 236 3974 (quod
249 3893 418 3956 maluerant
432 3906 532 3976 patres
547 3905 576 3953 et
591 3892 694 3976 amici)
712 3913 769 3975 quo
784 3901 849 3954 erat
861 3901 973 3967 netas3
988 3830 1127 3976 quisitor
1140 3891 1196 3954 ribi
1211 3902 1238 3953 et
1245 3892 1362 3976 primns

142 3971 332 4054 cometam,
347 3988 373 4040 et
386 3977 519 4062 insignes
532 3977 661 4038 victoria
676 3975 856 4062 obtigerant.
872 3976 955 4054 Suet.

179 4056 331 4122 inclinato
339 4064 406 4142 jam
419 4083 499 4123 anno
515 4061 635 4136 accidit,
650 4062 733 4142 quod
747 4083 786 4123 ex
801 4060 904 4124 Dione
918 4075 1010 4146 patet,
1025 4061 1213 4138 Maecenatis,
1229 4059 1319 4142 quim
1334 4069 1365 4117 et
1490 4053 1491 4058 ’
1575 4067 1576 4078 ’

135 4156 207 4226 post
218 4163 332 4225 pancos
346 4145 409 4207 dies
423 4147 557 4210 insecuta
571 4157 615 4206 est
627 4143 747 4209 Horatii
761 4167 851 4207 mors.
877 4148 978 4228 Atque
990 4148 1056 4208 haec
1071 4161 1147 4222 sunt,
1161 4167 1230 4228 quae
1242 4141 1363 4216 devita,

139 4228 266 4309 scriptis,
280 4240 310 4289 et
324 4241 418 4290 morte
430 4227 552 4291 Horatii
565 4231 765 4312 compertiora
778 4231 937 4292 babuimus
949 4232 1069 4292 dicere..
1102 4231 1184 4292 Nam
1197 4247 1290 4310 opera
1301 4226 1365 4307 ejus

126 4311 296 4382 ‚dimidiam
311 4305 379 4394 plus
393 4325 510 4394 partem
522 4313 629 4377 incerti
644 4327 713 4375 sunt
727 4315 878 4396 temporis,
891 4316 922 4376 in
935 4316 1043 4396 quibus
1054 4316 1205 4398 plerisque
1217 4309 1365 4392 praeclare

139 4395 238 4474 egisse
251 4415 307 4458 nos
321 4409 472 4479 putamus,
485 4397 509 4456 si
522 4398 644 4478 quando
658 4398 738 4459 banc
750 4397 799 4459 vel
811 4399 894 4460 illam
906 4399 1008 4473 Oden,
1020 4397 1201 4480 Epistolam‚
1213 4407 1270 4456 etc.
1282 4395 1366 4457 illam

139 4478 189 4538 vel
203 4479 281 4542 bunc
295 4492 432 4564 tempore
447 4479 638 4543 antecessisse
652 4482 700 4544 vel
716 4495 849 4544 secutam
864 4483 964 4559 inisse,
981 4483 1084 4564 aliquo
1107 4480 1221 4541 indicio
1239 4481 1367 4542 demon-

142 4563 343 4626 straverimus.
