3106 4910
461 430 585 558 ¹vnn
610 485 764 558 cnam
789 487 944 560 anun.
968 485 1180 560 nicaen

449 781 473 828 ·
577 644 1102 904 eumancio

403 1067 484 1154 IN
527 1067 876 1155 HORATII
917 1069 1263 1162 SATIRAS

604 1333 1064 1379 Μ’

373 1579 417 1619 ΒΕ
433 1577 569 1618 emman
583 1579 624 1618 m*
640 1577 829 1619 PROGRESSU
846 1579 968 1618 SA'l'lRAE
983 1575 1132 1633 ΒΟΜΑΝΕ,
1148 1577 1192 1618 ΕΤ
1206 1579 1289 1630 QUAS

640 1660 848 1702 MUTATIONES
867 1659 1031 1702 suntante-

217 1781 423 1868 HORATII
449 1802 568 1866 Satires
583 1803 703 1864 duobus
718 1801 821 1864 Libris
836 1805 1080 1886 comprehensas,
1096 1817 1176 1866 nune
1193 1805 1350 1868 Ser-mones
1374 1829 1456 1869 nnnc

220 1889 348 1966 Satires,
364 1889 449 1952 nullo
465 1888 638 1950 discrimine
654 1887 819 1970 appellavit
833 1888 916 1970 ipse:
938 1889 1042 1950 verum
1059 1909 1151 1970 quum
1167 1889 1255 1950 [deas
1270 1892 1372 1953 modis
1389 1895 1456 1974 qui-

216 1977 344 2038 busdam
360 1975 516 2036 distinctas
543 1973 646 2034 animo
661 1985 877 2054 repraesentent
890 1994 928 2034 ea
941 1974 1104 2049 vocabula,
1119 1995 1222 2056 operae
1237 1977 1369 2056 pretium
1392 1978 1456 2038 sac·

131 2085 133 2090 ’
217 2075 298 2124 turus
310 2061 426 2136 videor,
440 2059 473 2134 si,
488 2059 560 2139 quid
574 2058 689 2137 antiqui
701 2055 835 2118 Romani
850 2077 903 2139 per
916 2056 1051 2119 Sutirora
1063 2057 1275 2138 intellexerint,
1285 2081 1455 2143 exponam.

216 2145 338 2207 Primus
353 2145 543 2205 doctissimus
559 2141 771 2217 Casaubonus,
788 2155 878 2222 atque
893 2141 969 2202 adet
986 2143 1065 2203 solus
1080 2143 1112 2204 in
1127 2163 1163 2204 eo
1179 2143 1305 2205 feliciter
1324 2167 1453 2228 operam

216 2230 325 2312 posuit,
341 2241 374 2288 ut
388 2228 608 2290 demonstraret
623 2246 692 2307 quie
716 2238 746 2286 et
759 2225 856 2307 qualis
871 2238 948 2287 esset
971 2223 1080 2288 Podsis
1095 2227 1239 2308 Satyrica
1258 2228 1454 2306 Graecomm,
1533 2222 1536 2233 '

216 2335 285 2394 quae
301 2313 404 2374 Satira
417 2311 641 2373 Romanorum.
669 2309 727 2371 Est
741 2310 790 2371 ille
805 2310 881 2374 liber
896 2311 1048 2392 quantivis
1063 2313 1171 2395 pretii:
1186 2329 1241 2373 nec
1257 2313 1392 2375 diffiteor
1405 2337 1455 2376 me

216 2398 286 2459 inde
301 2397 464 2479 plurimum
480 2397 617 2475 adjutum
632 2395 731 2455 fnisse.

257 2481 318 2542 llic
333 2481 413 2542 enim
429 2496 473 2540 est
487 2479 610 2554 srrutus,
626 2499 714 2559 quem
730 2500 768 2539 ex
781 2479 992 2540 excellentium
1012 2480 1147 2542 virorum
1171 2480 1328 2542 laboribus
1351 2485 1452 2565 perci·
1537 2519 1544 2535 ·

215 2587 285 2649 pere
295 2566 457 2628 debemus:
473 2564 525 2645 qni
534 2563 603 2624 idad
614 2564 702 2624 nobis
711 2563 906 2645 puniverunt,
918 2577 950 2624 ut
962 2565 993 2624 in
1006 2566 1107 2648 spissis
1119 2565 1305 2647 antiquitatis
1319 2569 1451 2628 tenebris

216 2651 312 2712 sacem
328 2650 557 2713 succedentibus
573 2648 759 2730 praeferrent.
786 2647 860 2709 Non
875 2650 1021 2709 tamenin
1037 2649 1205 2732 superiores
1220 2651 1263 2712 ita
1277 2651 1359 2712 ocrrli
1376 2653 1451 2713 defi-

216 2735 317 2816 gendi
334 2746 367 2795 ut
380 2734 512 2817 propriis
527 2733 616 2795 etiam
633 2733 785 2813 gressibus
800 2753 862 2794 non
878 2735 1090 2794 attendamus:
1120 2755 1174 2816 per
1189 2734 1255 2795 illas
1268 2735 1350 2796 enim
1367 2736 1451 2798 ince·
1541 2740 1547 2751 '

215 2822 291 2882 dunt
306 2819 470 2900 aliquando
486 2819 615 2894 semitas,
632 2817 663 2878 in
676 2818 785 2898 quibus
797 2839 860 2879 non
872 2831 968 2878 tutum
981 2818 1019 2878 sit
1030 2839 1081 2878 eos
1094 2819 1177 2899 sequi
1189 2839 1196 2878 :
1212 2820 1243 2879 id
1254 2820 1337 2900 quod
1348 2834 1379 2880 et
1390 2842 1450 2902 ego

216 2906 264 2968 nic
280 2905 359 2980 cavi,
375 2925 456 2985 saepe
470 2905 533 2964 vias
550 2903 656 2984 parirm
673 2902 757 2962 tritas
773 2916 899 2976 secutus,
914 2916 947 2963 ut
962 2901 992 2963 iu
1007 2921 1171 2983 progressu
1183 2903 1309 2986 patebit.

258 2989 314 3050 Est
329 3002 429 3050 autem
445 2987 547 3048 Satira
562 2988 704 3066 quaedam
721 2986 856 3048 Poiiseos
871 2986 987 3068 species
1002 2987 1068 3047 aliis
1083 2987 1173 3068 quam
1189 2985 1339 3049 Romanis
1360 3001 1448 3070 pror-

218 3097 266 3136 sus
282 3075 449 3154 incognita,
465 3093 519 3132 nee
533 3071 595 3131 ullis
610 3093 678 3132 cum
695 3071 837 3153 Satyrici
852 3071 1031 3132 Graecorum
1055 3071 1142 3154 poesi
1165 3072 1350 3152 cognatione
1373 3093 1447 3134 con-

210 3163 331 3240 juncta,
346 3178 416 3240 quae
431 3171 531 3217 tamen
547 3157 737 3234 quorundam
754 3157 914 3217 doctorum
930 3155 1033 3238 opinio
1049 3155 1114 3216 luit.
1159 3154 1367 3236 Quintilianus
1382 3179 1446 3220 om-

217 3267 282 3306 nem
298 3243 518 3305 dubitationem
533 3239 621 3314 tollit,
635 3241 703 3300 crim
719 3241 822 3301 scribit
835 3241 905 3302 Lib.
921 3240 940 3300 i.
956 3261 1024 3322 cap.
1043 3244 1090 3300 10.
1137 3239 1241 3302 Satira
1253 3241 1369 3323 quidem
1385 3249 1444 3302 tora

215 3345 315 3390 nostra
340 3338 390 3389 est.
412 3326 509 3394 ¹lnde
532 3325 681 3404 estquod
705 3323 853 3385 Horatius
877 3325 941 3386 Sat.
968 3330 1016 3385 10.
1032 3323 1103 3386 Lib.
1119 3325 1139 3385 i.
1153 3345 1217 3386 ver.
1232 3328 1284 3384 66.
1332 3324 1444 3388 Grecis

214 3410 354 3474 intactum
370 3433 485 3474 carmen
501 3410 628 3472 dixerat.
1246 3437 1251 3445 ‚
1330 3453 1333 3456 .

257 3497 340 3557 Ecce
355 3499 410 3558 tibi
423 3515 599 3576 germanam
614 3495 703 3574 liujus
718 3494 801 3554 vocis
814 3493 1046 3575 Etymologiatn
1058 3489 1184 3576 :litatini
1202 3491 1343 3555 sanaim
1359 3513 1443 3556 usur·

238 3582 329 3640 abant
342 3603 397 3661 pro
408 3580 506 3664 plena,
517 3581 564 3640 cni
578 3579 615 3640 ad
629 3578 843 3660 perfectionem
856 3577 930 3639 nihil
943 3580 1075 3640 deesset:
1087 3574 1162 3640 ltine
1176 3575 1270 3651 Satur
1282 3577 1364 3639 color
1374 3581 1442 3640 cirm
1535 3653 1539 3658 Ι

214 3600 285 3724 lana
301 3661 433 3726 colorem
451 3665 544 3746 plene,
555 3663 756 3740 combibisset,
772 3685 827 3724 nec
843 3664 1004 3744 quicquam
1020 3663 1060 3724 ad
1075 3664 1235 3724 tincturam
1251 3663 1342 3742 adjici
1355 3677 1442 3745 potu·

214 3749 293 3808 isset.
316 3747 367 3809 Ex
383 3748 475 3810 Satur
486 3749 597 3809 sactum
614 3747 737 3824 Sutura,
750 3749 831 3828 quod
846 3745 950 3808 Sotira
963 3748 1052 3809 etiam
1065 3747 1142 3829 peri
1153 3747 1326 3822 efferebant,
1339 3769 1441 3828 quem-

215 3831 379 3894 admodum
394 3833 535 3893 munimus
550 3849 579 3892 et
591 3853 753 3910 maxumas,
769 3843 903 3916 optemus
918 3825 947 3892 et
960 3832 1095 3914 optimus
1139 3829 1196 3891 Est
1211 3831 1304 3911 igitur
1322 3830 1439 3892 Nomen

213 3915 407 4000 Adjecerunt,
418 3915 500 3996 quod
510 3916 685 3978 relationem
699 3918 790 3977 habet
801 3917 840 3978 ad
856 3915 1075 3977 substantivum
1086 3914 1268 3975 intellectum
1279 3937 1288 3974 t
1301 3915 1439 3976 dicebaut

214 4001 294 4064 enirn
309 4000 398 4082 prisci
417 3997 558 4060 Saturum
573 4000 774 4080 intelligentes
788 3999 907 4062 lanceat.
952 3999 1031 4060 Erat
1045 4011 1145 4060 autem
1162 3997 1275 4059 Satura
1296 3997 1368 4060 lona
1387 4019 1438 4061 vas

216 4084 351 4168 (Gallice
363 4105 403 4144 un
415 4081 529 4162 bmsia)
543 4101 632 4143 omne
644 4105 739 4164 genus
751 4085 896 4146 fructibus
909 4083 1065 4165 repletum,
1075 4103 1150 4164 quos
1164 4081 1269 4144 Cereri
1282 4085 1438 4164 quotannis

215 4187 246 4232 et
258 4169 395 4244 Baccho,
410 4181 443 4228 ut
457 4167 548 4228 totius
563 4167 634 4226 anni
651 4182 850 4249 proventuum
866 4168 1024 4250 primitias,
1040 4167 1147 4228 offerre
1162 4167 1300 4228 solebant
1309 4189 1318 4245 3
1341 4171 1438 4248 cnjus·

214 4255 298 4316 modi
313 4253 481 4316 oblationes
495 4271 534 4311 ex
548 4250 640 4310 variis
663 4251 824 4331 generibus
843 4253 921 4313 inter
938 4272 970 4312 se
989 4251 1121 4313 confusis
1140 4265 1305 4312 nouerant
1323 4251 1437 4314 Graecis

214 4339 338 4399 omnino
351 4337 526 4416 incognitae,
538 4335 589 4412 qui
598 4353 648 4394 eas
659 4335 855 4416 appellabant
865 4359 1006 4409 παηιιωςπον
1021 4335 1115 4403 Souras,
1127 4357 1299 4408 πανσπερμαι,
1311 4345 1340 4396 et
1355 4335 1385 4396 in
1397 4335 1436 4397 le-

214 4422 388 4495 guminibus
400 4423 523 4486 uariam.
540 4416 704 4478 Diomedes
724 4416 947 4482 Grammaticus
965 4421 1107 4484 accurate
1132 4434 1160 4481 et
1184 4422 1262 4482 hunc
1280 4419 1435 4480 Romano·

213 4519 280 4558 rura
296 4521 410 4565 morem
424 4521 455 4566 et
476 4502 559 4566 vocis
577 4498 694 4560 Saturae
709 4513 847 4560 naturam
863 4503 1028 4584 explicavit
1042 4507 1088 4564 his
1101 4504 1210 4576 verbiS,
1226 4501 1318 4562 Luae
1332 4499 1434 4582 referte

213 4580 303 4640 uariis
317 4585 473 4671 multisque
488 4583 635 4673 prt'tuitt't'r¹
648 4581 751 4645 Sacris
771 4582 886 4646 Gerena
900 4585 1089 4668 iafiredutnr,
1105 4586 1163 4647 etti
1186 4584 1272 4667 copiti
1287 4597 1316 4646 et
1330 4585 1433 4646 saturi·
