3154 4918
443 213 581 284 noum
602 215 648 280 ns
671 214 818 280 mrsu
838 203 1055 283 nonnuli.¹
1405 197 1409 204 “
1562 209 1563 278 t

178 363 410 511 W'M‘Doed
452 363 590 464 Hoeest3
611 364 996 446 octavoejnsmensisdie,
1019 364 1351 434 nassamones.
1562 285 1563 358 1

131 454 183 514 stt
199 471 286 515 ermrs
298 463 368 513 ente
411 463 493 512 attero
508 448 673 510 Cbnstum.

172 533 215 599 I..
235 530 325 596 cona
336 543 363 596 et
374 533 414 596 Ι..
431 531 586 616 Torqueato
603 530 703 615 Gom]
748 529 878 594 Dicente
891 533 959 615 ipso
972 532 1034 598 od.
1049 539 1100 598 21.
1113 534 1185 599 Lib.
1198 537 1232 598 iii
1249 615 1251 620 ,

384 657 494 721 Onote
508 668 615 720 meeum
629 655 745 721 consule
759 651 904 722 lllaulio!

131 782 177 850 Et
195 782 301 870 Epod.
316 788 364 848 13.
377 805 406 847 ν.
421 791 451 850 8.

384 909 436 972 Tu
446 911 515 972 uino
534 909 689 996 Torquato
703 932 782 974 more

385 993 512 1057 Consule
528 1016 633 1078 pressa
647 1015 719 1057 meo.

174 1119 307 1184 Decessit
326 1120 362 1184 0.
377 1119 497 1184 Martio
514 1119 676 1186 Cunoriuo
692 1131 719 1184 et
735 1121 771 1186 C.
783 1120 890 1187 Asinio
908 1122 998 1187 Gallo
1014 1123 1113 1273 Cossg
1157 1127 1249 1193 Anno
1259 1129 1299 1192 sb
1311 1127 1352 1192 U.

131 1205 172 1269 C.
188 1211 259 1268 745.
275 1227 329 1268 sex
343 1206 430 1269 annis
445 1219 513 1268 ante
527 1203 642 1267 Natum
658 1203 823 1268 Christum.
866 1203 961 1270 Errat
978 1210 1071 1292 igitur
1115 1212 1262 1290 uetonius,
1284 1215 1354 1275 etim

55 1357 58 1362 ,
130 1289 206 1354 dicit
214 1301 284 1374 port
297 1290 826 1375 quinquagesimumunonmnunnurn.
870 1293 920 1353 Ab
935 1305 1044 1355 octavo
1066 1296 1146 1356 enim
1165 1293 1290 1358 Decem.
1305 1297 1354 1358 die
1447 1342 1450 1348 .
1562 1297 1563 1322 ¹

131 1395 203 1438 ann.
216 1379 288 1437 688.
304 1375 534 1458 nd·.vigesimsnn
548 1375 706 1454 septimum
721 1373 804 1435 Nov.
818 1380 892 1436 745.
904 1396 966 1436 non
981 1391 1049 1438 sunt
1064 1378 1193 1460 amplius
1207 1380 1355 1459 quinqua·

129 1459 353 1604 ffimrsepm
371 1458 445 1522 anni
463 1458 562 1520 minus
580 1456 722 1520 undecim
743 1458 858 1520 diebus.
901 1458 970 1520 Nisi
992 1460 1060 1520 hnc
1080 1460 1124 1522 sie
1146 1461 1246 1544 potius
1265 1459 1357 1544 culpe
1386 1529 1391 1540 ,

175 1563 257 1604 reru.
1337 1584 1339 1595 ,

173 1624 303 1688 Horede
311 1626 450 1721 Augusto
459 1621 566 1706 polum
574 1632 753 1706 nuncupato,
760 1645 854 1765 perum
865 1635 986 1710 tergeste
997 1625 1027 1686 oi
1038 1625 1212 1690 valetudinis
1223 1649 1283 1690 nort
1294 1627 1356 1712 sus·

122 1709 227 1794 ficeret
251 1709 291 1770 ad
313 1706 514 1792 obsignandas
538 1703 717 1768 Testamenti
728 1717 758 1768 to
778 1705 868 1789 ulus]
912 1709 987 1768 Jure
1002 1704 1096 1770 Civili
1120 1723 1188 1772 rate
1207 1712 1356 1773 habentur
1562 1783 1563 1786 Ἴ

130 1791 329 1856 Testamenta
346 1791 416 1852 vivi
435 1812 509 1852 voce
523 1789 614 1864 dieta,
639 1787 729 1850 modo
753 1801 877 1851 testator
898 1789 1056 1878 haeredem
1068 1814 1154 1856 suum
1176 1797 1360 1878 nuncuparit
1562 1805 1563 1890 q

132 1896 237 1939 eoram
251 1889 364 1960 septem
378 1875 510 1937 testibus.
551 1871 714 1934 Justinian.
735 1871 810 1937 lnst.
833 1871 897 1934 Tit.
913 1895 945 1936 x.
969 1875 1051 1938 Sect.
1080 1881 1128 1938 13.
1174 1877 1210 1939 Si
1224 1879 1355 1962 quisue·
1378 1907 1381 1914 ⁴
1562 1921 1563 1986 q

132 1971 187 2024 tem
198 1959 259 2022 sine
269 1959 384 2044 emptis
398 1957 522 2021 voluerit
534 1955 610 2018 June
630 1955 722 2018 civiti
736 1956 876 2019 ordinare
892 1965 1098 2041 testamentum,
1118 1971 1224 2044 septem
1239 1961 1355 2024 testibus

132 2043 280 2120 adhibitis,
299 2056 326 2105 et
342 2044 397 2105 sud
416 2041 564 2104 voluntate
588 2060 685 2102 eorum
707 2037 743 2100 iis
766 2041 946 2125 nuncupati,
960 2042 1034 2104 seint
1053 2041 1099 2104 lie
1116 2043 1356 2127 perfectissimum
1439 2099 1448 2122 ,,

132 2137 328 2195 temerentur}
341 2126 418 2192 Jure
436 2123 531 2188 Civili
542 2123 930 2207 firmentqueconstitutum.

172 2211 211 2273 In
234 2211 366 2274 extremis
387 2208 535 2293 Esquiliis
552 2207 646 2291 jueta
670 2206 847 2270 Menecratis
874 2209 1040 2294 tumidum]
1093 2211 1254 2290 Habltnvit
1274 2212 1355 2277 enim

131 2293 287 2358 Maecenas
299 2296 330 2356 in
345 2293 486 2356 extremis
500 2291 657 2374 Esquiliis,
678 2293 730 2352 ubi
745 2294 904 2376 superbam
920 2294 976 2360 sibi
991 2295 1116 2357 domum
1129 2296 1250 2374 fecerat,
1266 2310 1355 2379 etque

131 2398 163 2442 se
185 2379 331 2442 ulchrum.
1077 2423 1081 2428 -
1201 2414 1205 2424 ·

163 2402 632 2544 1{teretottlaecemreistrossulum]
667 2457 846 2522 Decesseret
854 2457 1010 2524 Maecenas
1021 2465 1128 2526 eodem
1139 2485 1229 2527 anno.
1262 2462 1356 2528 Unde

133 2561 233 2612 autem
246 2547 360 2611 iactum
374 2559 428 2621 est,
450 2559 484 2608 ut
499 2544 658 2620 Horatius,
672 2549 821 2626 superstes
833 2547 904 2608 ciem
919 2561 1003 2624 esset,
1019 2548 1094 2610 nibil
1108 2549 1141 2609 in
1155 2549 1272 2632 scriptis
1286 2549 1355 2610 reli·

131 2633 239 2714 querit,
262 2651 323 2713 quo
337 2643 493 2695 testaretur
515 2629 652 2692 Morem
671 2627 1255 2716 carmennum-moneremque?
1275 2629 1356 2694 Mihi

132 2717 253 2799 quidem
267 2715 343 2776 illud
358 2736 419 2776 non
433 2713 551 2775 videtur
565 2712 718 2774 credibile.
762 2711 867 2776 Tanto
878 2733 947 2776 eum
962 2715 1070 2778 affectu
1081 2717 1198 2793 dilexit,
1212 2727 1356 2798 tentetque

131 2800 163 2862 in
178 2821 210 2862 se
223 2800 332 2865 merita
347 2800 410 2879 ejus
426 2811 523 2873 *ment
547 2810 590 2860 ut.
601 2797 690 2864 nefas:
701 2809 786 2858 ‘esset
803 2797 934 2860 offioir‘mr
951 2799 1084 2881 lugendi
1095 2799 1275 2865 Maecenatis
1292 2801 1355 2862 eui-

152 2883 324 2948 uemslteri
338 2881 502 2962 reliquisse.
545 2879 641 2944 Nullo
660 2894 752 2963 preto
769 2895 848 2942 esset
863 2883 1080 2963 ignoscendum
1097 2886 1176 2947 adeo
1189 2886 1357 2948 irdrumeno
1379 2921 1385 2930 ·

131 2906 267 3033 desnos.
312 2965 347 3029 Si
355 2967 398 3028 its
407 2964 523 3028 nefariis
531 2965 1123 3045 ingramsfuissetnentemaestimerem
1132 2970 1254 3053 scripto,
1265 2969 1355 3050 quim

131 3053 398 3135 ipsumeuctorem
413 3067 609 3132 aspernarer:
631 3069 739 3131 meque
754 3050 832 3112 edeo
845 3051 1003 3134 poeniteret
1020 3053 1097 3114 tenti
1116 3054 1259 3136 temporis
1273 3053 1304 3112 in
1318 3071 1357 3113 eo

131 3137 315 3219 explicando
329 3135 534 3216 vertendoque
548 3130 700 3196 colloesti.
743 3131 909 3198 Videamus
931 3154 970 3197 en
992 3137 1119 3199 historie
1139 3137 1228 3199 nobis
1242 3136 1356 3218 aliquid

131 3233 286 3302 suggeret,
301 3219 383 3302 qnod
397 3237 467 3280 eum
478 3215 621 3300 expediet
634 3216 789 3280 icrimine
800 3218 908 3280 silentii
919 3219 1013 3298 istibs,
1028 3222 1111 3302 qued
1122 3219 1356 3302 quidemprimo
1383 3249 1386 3260 ·

131 3317 192 3365 tam
206 3319 378 3387 suspectum
392 3316 514 3383 temque
535 3300 674 3362 odiosum
696 3315 832 3385 apparet.
876 3302 939 3366 Dio
957 3305 1049 3366 deno
1065 3301 1355 3388 ennoloquensqui

131 3387 294 3454 Mesenae
318 3407 474 3470 supremus
495 3385 561 3461 fuit,
583 3397 739 3448 enumeret
758 3387 856 3469 primo
868 3389 978 3459 ‚omnia
997 3389 1108 3464 felicia,
1132 3406 1201 3471 quse
1215 3389 1356 3470 Augusto

130 3493 170 3534 eo
181 3491 262 3538 enno
276 3471 480 3552 consgsrune
524 3467 664 3551 Gtunqss
679 3469 910 3532 demonssrirsset
927 3473 1043 3555 priores
1062 3485 1131 3533 octo
1146 3490 1262 3534 menses
1281 3473 1357 3535 nibil

131 3557 158 3618 ei
166 3569 285 3638 ,praeter
297 3555 398 3620 felices
412 3567 536 3617 eventus
550 3553 679 3634 dedisse,
703 3554 891 3630 edditlinem
906 3557 977 3618 enni
992 3576 1053 3618 non
1068 3556 1259 3640 respondisse
1273 3557 1356 3640 prin-

131 3639 221 3722 cipio,
236 3655 423 3721 mortemque
434 3638 614 3700 Maecenatis
628 3638 789 3721 derepente
805 3639 997 3721 interrupisse
1009 3659 1226 3741 prosperorum
1239 3642 1360 3716 seriem,

132 3723 172 3784 ad
193 3745 307 3790 nonum
329 3743 423 3806 usque
444 3743 576 3785 mensem
598 3721 816 3784 contimtatem.
847 3721 953 3784 Mors
974 3725 1068 3807 igitur
1080 3723 1273 3787 tttaecenstis
1293 3725 1373 3787 n'on'

131 3806 190 3867 niti
210 3821 434 3890 postestatum
455 3827 588 3868 mensem
600 3805 739 3886 contigit.
766 3805 825 3867 m
840 3808 976 3888 quamvis
991 3809 1090 3870 stetim
1105 3821 1174 3891 post
1190 3829 1259 3870 eum
1274 3797 1368 3879 meri
1404 3846 1410 3862 ·

131 3909 195 3952 sem
208 3905 347 3956 exectum
360 3891 536 3972 contigisset
547 3889 644 3973 (quod
657 3901 757 3951 tumen
769 3911 831 3952 non
843 3905 970 3970 constat,
986 3885 1055 3954 edm
1067 3891 1132 3953 Dio
1143 3911 1206 3954 non
1219 3893 1358 3974 designet
1385 3923 1393 3936 ·

131 3987 224 4056 quoto
239 3974 288 4036 die
301 3974 491 4120 contigeritq1
502 3974 521 4035 i
534 3974 595 4036 fine
611 3971 754 4038 Octobris
768 3975 809 4037 ad
823 3973 1002 4057 vigesimum
1018 3977 1178 4064 septimum
1194 3975 1369 4048 diets-,Ne-

130 4060 230 4120 vemb.
254 4079 315 4120 non
338 4060 440 4122 suisset
493 4057 593 4120 oratio
607 4058 737 4140 spatium
751 4058 856 4144 primis
871 4059 1014 4142 lacrymis
1030 4058 1357 4144 abstergendisstrlta·

130 4163 189 4223 qne
211 4155 330 4206 eonem
350 4163 418 4204 eum
440 4163 502 4205 non
523 4141 576 4203 dits
598 4141 786 4225 superstitem
809 4143 898 4206 fuisse
922 4145 1021 4206 amieo
1044 4165 1109 4207 suo.
1154 4145 1239 4228 Quid
1256 4143 1357 4211 autem

130 4225 213 4288 alind
227 4223 328 4288 deeere
362 4227 494 4302 emisset,
516 4247 582 4308 quo·
591 4225 701 4288 clarius
716 4226 943 4304 demonstraret,
965 4229 1058 4310 quim
1073 4218 1269 4297 vehementui·
1282 4248 1358 4296 eum

130 4309 292 4374 dilexerit?
347 4329 397 4370 um
411 4309 519 4391 procul
532 4309 627 4372 dubio
641 4310 673 4372 id
684 4311 835 4392 preestitit,
851 4313 934 4393 quod
949 4325 1019 4374 ante
1031 4311 1157 4393 'aliquot
1174 4331 1280 4373 annos.
1289 4312 1358 4394 pol-

129 4394 228 4456 licitus
242 4407 307 4456 eret
321 4413 414 4476 quum
429 4393 468 4454 ed
478 4389 680 4459 Maeeenetem
691 4395 843 4472 scriberet,
858 4394 1028 4478 periculoso
1043 4397 1151 4458 morbo
1162 4392 1355 4470 lebdrsntem

130 4489 300 4541 etmortem
314 4489 478 4563 optantem.
1186 4495 1189 4502 ·
