3032 4916
454 189 725 256 SATIRARUM
747 189 945 260 LlBERll.
961 201 991 260 5.
1279 207 1345 269 423

67 335 235 402 Caelibis
250 338 429 422 obsequium
444 341 539 402 nudet
552 353 592 416 te,
605 341 713 404 leniter
726 341 757 402 io
771 361 855 424 ερειιι
988 363 1075 410 cortou
1086 363 1343 414 anomoeorum.

64 423 223 508 Arrepe
237 425 401 501 officiosus,
413 439 448 486 nt
460 439 491 486 et
505 425 639 487 scribare
653 425 800 488 secundus
988 435 1038 485 ιιι»
1048 427 1133 472 sensim
1144 441 1187 485 1³0¹
1202 428 1279 475 officio
1290 443 1343 490 per·

30 485 224 586 Ἥκω
237 525 268 571 κ
282 512 306 572 κ
322 511 390 592 ω
404 531 632 593 ωωκω
646 509 850 591 orioro,
912 489 1343 612 rertrithemiani

69 591 125 654 In
148 615 287 658 vacuum
299 596 413 657 venias.
436 594 569 656 perrari)
585 596 652 656 llaec
667 595 734 656 alea
747 593 833 656 salllt.
940 599 1088 670 50puernm
1100 615 1130 658 ad
1142 614 1227 660 inferos
1244 617 1343 663 demise-

71 675 163 759 Qui
179 693 392 742 testamentum
408 679 506 742 tradet
520 680 574 740 tihi
589 701 707 760 cunque
722 680 896 760 legendum,
988 675 1343 730 ¹⁴¹=¹⁰⁶¹¹¹¹¹l⁸⁰³¹¹m¹¹⁸⁰b⁰²⁸

72 763 260 841 Abnuere‚
275 779 306 827 et
321 766 439 827 tabulas
451 765 470 826 it
483 779 512 826 te
524 785 679 827 removere
693 777 864 826 memento:
987 735 1268 858 ffiidffirffinffi
1277 743 1344 850 ,iffi

76 847 153 911 Sic
170 863 277 912 tamen
292 863 325 912 ut
339 850 418 914 limis
431 850 534 932 rapias
548 849 620 930 quid
635 849 735 931 prima
746 849 880 912 secundo
987 861 1023 906 las
1033 861 1167 908 oneremini
1176 863 1344 940 regennaru-

79 931 188 998 Cera
202 933 280 1000 velit·
289 955 396 1013 versn3
411 934 492 996 solus
508 933 648 996 multisne
663 935 808 1012 cohaeres,
986 935 1015 968 ‘³
1026 937 1145 980 recusare,
1156 933 1228 984 atque
1240 941 1253 970 ³
1264 933 1287 972 ²⁰
1306 942 1345 973 ω

80 1016 215 1081 Veloci
230 1041 372 1103 percurre
383 1019 482 1082 oculo.
504 1017 690 1101 Plerumque
703 1032 839 1081 recoctus
936 1023 976 1082 55
987 986 1345 1108 ssliisirijllitliplirniorlllhllol

82 1102 217 1167 Scriba
231 1126 269 1168 ex
284 1104 497 1187 Quinqueviro
511 1125 638 1166 corvum
654 1105 777 1166 deludet
791 1105 934 1181 hiantem,
986 1110 1072 1168 spicios
1091 1111 1148 1170 quid
1168 1112 1244 1170 primo
1264 1112 1345 1160 rmore

86 1187 315 1272 captatorque
326 1191 412 1254 dabit
423 1191 499 1250 risus
512 1188 629 1250 Nasica
644 1187 782 1252 Corano.
987 1174 1344 1300 ζξζωρζῗζξῗζζᾌζξῖζῖἓζ

85 1271 129 1334 N
132 1296 185 1336 uni
202 1275 285 1350 suris,
299 1295 338 1336 an
354 1276 487 1358 prudens
502 1273 583 1336 ludis
595 1294 654 1350 me,
670 1275 800 1336 obscura
814 1274 954 1338 canendo
966 1273 979 1336 ἓ
990 1309 1026 1351 ra,
1037 1309 1070 1341 ror
1081 1297 1143 1342 soror
1155 1311 1185 1342 an
1203 1311 1256 1343 rum
1273 1299 1345 1358 prorr-

87 1358 137 1436 Ο,
157 1359 335 1436 Laertiade,
351 1359 498 1443 quicquid
513 1359 626 1433 dicam,
642 1371 695 1420 aut
708 1359 775 1435 erit,
791 1372 844 1420 aut
856 1379 936 1436 non;
988 1360 1032 1402 ¹³⁰⁸
1043 1358 1074 1403 π’]
1089 1360 1170 1403 iffi·
1205 1359 1277 1406 Enim
1293 1359 1345 1408 vert

85 1441 249 1506 Divinare
263 1445 376 1508 etenim
386 1465 517 1526 maenus
532 1443 606 1505 mm
620 1443 716 1506 ‹101121
728 1443 851 1527 Apollo.
865 1447 979 1526 rooerffl
987 1433 1159 1540 titillet?
1155 1422 1242 1528 arii?
1240 1423 1345 1532 linai}

85 1525 183 1674 quid
200 1545 304 1592 tamen
319 1531 378 1596 ista
390 1529 465 1590 velit
479 1528 537 1590 sibi
552 1527 666 1604 sabula,
683 1529 707 1590 si
722 1528 800 1605 licet,
816 1529 883 1589 ede.
987 1557 1085 1590 corvom
1095 1545 1254 1600 frustrabitur,
1267 1547 1345 1594 riuo-

128 1636 258 1713 empore
273 1636 335 1696 quo
350 1613 473 1695 juvenis
487 1612 611 1676 Parthis
623 1613 800 1690 horrendus,
814 1615 853 1676 ab
865 1613 929 1675 alto
987 1621 1043 1715 ἒξιζ
1053 1607 1293 1728 ''jfflff'effifsffing
1307 1611 1345 1718 ἓξ

87 1695 276 1764 Demissum
292 1719 389 1780 genus
403 1696 513 1774 AEned,
529 1699 635 1761 tellure
651 1699 787 1782 marique
985 1733 1080 1788 insonis,
1100 1747 1130 1778 aa
1142 1734 1217 1779 „rm
1239 1735 1344 1780 ruppe,

90 1797 129 1845 ria
143 1813 182 1844 me
195 1798 301 1843 involuta
308 1798 492 1854 respondendo?
512 1796 614 1844 TIRES.
634 1797 665 1853 0,
675 1798 767 1844 Laertio
777 1797 984 1856 dli‚quodcrmque
992 1796 1193 1852 pronunciarent,
1202 1798 1238 1842 rel
1247 1797 1295 1852 fiet,
1307 1795 1344 1843 vel

93 1874 156 1905 non.
183 1858 276 1918 Quippe
287 1873 387 1918 magnus
398 1859 481 1918 Apollo
492 1860 535 1905 dat
545 1859 602 1906 mihi
613 1859 758 1906 vaticinandi
767 1859 889 1921 peritiam.
917 1858 1023 1906 ULYSS.
1052 1859 1163 1904 Attamen
1175 1859 1195 1904 si
1206 1859 1294 1916 saeest,
1306 1860 1345 1906 dic

95 1921 158 1980 quid
169 1921 287 1982 significet
297 1921 348 1968 hec
360 1921 447 1968 sabula.
485 1920 586 1969 Tricce.
620 1923 672 1975 Quo
688 1931 794 1982 tempore
806 1922 946 1970 adolescens
959 1919 1052 1966 Parthis
1064 1920 1237 1976 formidolosus,
1257 1935 1344 1980 propa-

95 1991 159 2045 gata
169 1983 262 2030 eobolee
271 1985 302 2030 ab
313 1982 408 2030 excelso
420 1981 504 2040 AEnei,
519 1983 584 2030 terri
594 1994 619 2031 et
630 1985 690 2031 mari

588 2077 861 2128 ornornrronns.
898 2053 900 2060 ’

96 2193 125 2250 ti,
138 2205 180 2240 seu
191 2193 216 2240 in
227 2191 265 2239 vii
276 2191 379 2252 publici,
390 2207 432 2239 seu
444 2191 468 2238 'm
480 2191 555 2254 sylvi,
566 2207 607 2240 seu
620 2193 643 2238 in
656 2191 708 2252 ripe
771 2194 808 2240 56.
828 2191 929 2240 Coro-um
939 2190 1033 2239 deludet
1047 2189 1170 2252 aiacem]
1190 2189 1345 2250 captatorem

97 2257 173 2302 maris
185 2265 226 2303 aut
238 2254 348 2302 fluminis.
739 2256 823 2302 alienae
834 2255 966 2302 haereditati
977 2254 1107 2300 inhiantem
1119 2254 1205 2310 eludet,
1216 2269 1263 2300 uon
1276 2269 1344 2303 secus

130 2317 168 2365 Ne
179 2316 330 2379 mmtisertum
342 2315 578 2390 Coelibirobsepuium
586 2315 658 2363 nudet
666 2318 706 2379 le]
740 2331 768 2363 ac
780 2317 862 2376 vulpes
873 2332 970 2363 corvum
979 2317 1003 2361 in
1015 2316 1098 2374 AEropi
1109 2315 1196 2361 labnlb.

98 2380 138 2428 Ne
149 2379 240 2426 bomini
251 2393 324 2425 uxore
341 2380 433 2426 carenti
443 2379 546 2426 officium
561 2379 706 2438 frequentius
770 2379 807 2428 57.
824 2379 898 2427 Dobit
917 2379 976 2424 mens
991 2377 1079 2424 Nasica
1096 2378 1207 2440 Carnam]
1224 2377 1345 2437 Deceptus

99 2443 231 2490 exhibitum
243 2442 373 2500 patefaciat
382 2451 485 2488 mentem
494 2451 559 2488 tuam
569 2449 640 2500 atque
652 2443 707 2488 insi·
739 2449 850 2502 captator
869 2441 970 2487 ludibrio
989 2441 1035 2487 erit
1056 2439 1174 2496 omnibus,
1192 2443 1345 2499 quemadmo-

99 2505 161 2561 diar,
178 2505 307 2564 prudenter
323 2511 403 2564 ageet
423 2503 508 2560 caute;
524 2503 639 2562 paulatim
655 2503 707 2564 ejus
738 2505 796 2550 dum
808 2504 896 2564 Nasica
907 2503 963 2551 olim
974 2504 1069 2550 deluam
1085 2502 1182 2550 Corano
1193 2505 1251 2552 neni.
1284 2504 1344 2554 vioe

101 2569 209 2614 animum
221 2568 344 2612 demerere
354 2579 384 2612 ne
396 2567 523 2626 suspicioni
531 2567 670 2612 locuru'des.
738 2566 807 2614 iniri.

131 2627 168 2676 48.
185 2627 306 2676 Secundus
317 2627 417 2690 Horrea]
436 2627 546 2674 Secundo
564 2630 641 2689 gradu
659 2630 705 2676 bu·
769 2629 807 2676 58.
818 2627 974 2691 Nouissima]
988 2629 1025 2674 ho
1037 2635 1191 2674 morevetum
1203 2629 1282 2676 surore
1293 2643 1344 2676 cor·

95 2690 146 2748 ies,
157 2693 294 2738 substitutus
306 2691 394 2737 baeredi
406 2704 447 2736 seu
458 2691 507 2738 filio
525 2691 610 2750 panim
627 2691 706 2738 valen·
738 2693 835 2751 reptos?
852 2707 883 2738 an
895 2706 967 2738 ianua
979 2699 1003 2736 et
1012 2691 1046 2736 tui
1057 2691 1173 2748 compos?

102 2753 128 2810 ti,
143 2755 162 2801 ri
172 2753 334 2801 hereditatem
346 2768 394 2799 uon
405 2753 503 2799 adierit:
520 2761 546 2800 ut
558 2761 608 2799 tum
625 2767 706 2800 succe·
768 2755 805 2800 59.
825 2751 969 2813 Laertiade]
987 2751 1083 2812 Ulysses
1095 2752 1156 2798 filius
1168 2751 1269 2810 Laertie,
1280 2753 1345 2804 itha·

101 2817 143 2862 das
159 2817 179 2864 ei
191 2815 251 2863 sorte
263 2815 276 2861 d
288 2816 346 2862 vivia
357 2817 490 2873 excedenti,
508 2829 656 2874 vacuumque
673 2817 722 2863 lo·'
738 2829 773 2864 cae
786 2825 809 2862 et
820 2815 924 2863 Dulichii
944 2815 1072 2860 insularum
1089 2829 1146 2860 rex:
1164 2815 1200 2860 vir
1219 2815 1345 2874 socundus,

103 2893 155 2926 cum
167 2881 216 2925 det.
738 2879 813 2934 vafer,
823 2878 957 2930 bellicosus,
966 2878 1073 2922 laborum
1082 2878 1275 2936 patientissimus,
1284 2878 1345 2926 inter

132 2942 168 2988 49.
187 2939 267 3002 ugerii
288 2937 365 3000 Oreo]
383 2939 455 2986 hlorti
474 2939 599 2986 addixerit.
631 2939 707 2988 Orcus
739 2941 835 2986 Graecos
854 2939 974 2998 principes
993 2937 1102 2997 eximius,
1121 2941 1153 2986 ab
1172 2937 1278 2987 Homero
1294 2940 1345 2990 iod

102 3004 230 3049 inferorum
243 3001 328 3047 duvios
340 3009 376 3047 ert
384 3002 534 3060 quibusdam,
546 3003 597 3048 aliis
606 3009 641 3050 est
650 3001 707 3048 Cer·
739 3001 847 3063 odyssei
858 3003 998 3048 celebratus.

104 3069 179 3121 herus,
198 3063 310 3109 Ciceroni
329 3073 365 3108 est
384 3063 434 3122 ipse
452 3063 530 3120 Pluto,
549 3065 571 3110 3.
596 3063 633 3110 Dc
658 3071 707 3110 nat.
769 3064 1010 3125 domunculam]
1028 3063 1120 3125 Magna
1134 3063 1247 3112 hleiuter
1263 3067 1343 3114 docto·

105 3121 293 3191 Deorabignor
306 3123 706 3188 jormitiumquodnihilsitre·
739 3128 860 3174 roseriam
871 3127 1037 3174 controversia.
1071 3127 1117 3172 Alii
1134 3129 1287 3184 contendunt,
1307 3143 1343 3176 se·

105 3189 215 3250 ligiosius,
227 3188 299 3248 quim
310 3189 363 3234 edm
375 3201 418 3246 per
430 3187 539 3248 Stygiam
548 3187 659 3248 paludem
665 3188 706 3248 ju·
738 3188 772 3234 rib
784 3190 847 3248 loqui
860 3190 995 3245 Horatium,
1006 3189 1055 3235 rire
1067 3189 1087 3235 T
1089 3189 1183 3236 ireoiam
1199 3191 1244 3236 boc
1256 3205 1326 3238 seusu
1334 3205 1342 3249 ;

107 3259 175 3298 ratur.
207 3249 293 3298 Festus
310 3249 390 3296 scribit
405 3251 508 3306 orcham,
523 3259 545 3296 et
558 3252 588 3297 ab
600 3253 706 3312 urgendo
737 3251 817 3298 emtori
830 3261 894 3298 vater
906 3251 1034 3310 loquuntur
1050 3253 1152 3298 obscura
1163 3260 1186 3297 et
1203 3266 1246 3311 per
1261 3255 1341 3301 amba·

106 3313 151 3358 vult
162 3313 216 3370 dici,
227 3315 291 3373 quod
303 3313 334 3359 ad
346 3319 445 3358 mortem
453 3320 538 3372 urgeat
737 3327 795 3373 ges,
812 3329 857 3374 ego
868 3314 923 3360 verb
934 3316 1018 3372 loquor
1029 3311 1111 3372 aperti
1128 3323 1152 3359 et
1167 3314 1218 3360 sine
1236 3317 1342 3378 ambagi-

135 3375 170 3422 50.
186 3375 286 3424 Perrurd
298 3375 346 3424 ltaec
359 3373 504 3436 olcusollt'll
521 3373 585 3421 Rard
599 3373 625 3422 fii
637 3381 661 3420 ut
672 3375 706 3420 in·
737 3378 797 3434 bus3
813 3378 924 3434 quodque
936 3379 1041 3422 futurum
1053 3375 1164 3434 predico,
1175 3377 1235 3432 erit,
1247 3386 1269 3424 et
1286 3393 1342 3426 con·

106 3437 153 3484 auis
165 3438 194 3485 rit
205 3439 272 3485 labor
284 3439 337 3493 iste,
353 3446 377 3484 et
388 3453 427 3483 ars
443 3437 573 3495 captandi,
593 3437 641 3484 inab
658 3435 706 3483 lere
737 3445 775 3485 tra
785 3454 833 3484 uon
845 3439 890 3484 erit
901 3438 1012 3497 quicquid
1024 3439 1079 3484 dico
1092 3454 1139 3484 non
1152 3439 1261 3486 futurum.
1294 3441 1341 3488 Alii

106 3509 318 3612 repperToptqtunp
326 3499 550 3608 qortitureventum.
577 3567 587 3610 Ι
609 3560 653 3623 10
669 3561 696 3608 Π.
737 3501 818 3608 volppt
833 3501 912 3609 ³¹⁰⁰?
933 3499 1068 3556 Horatium,
1086 3509 1111 3548 et
1129 3500 1222 3548 morice
1241 3503 1340 3550 irridere

166 3599 170 3609 .
209 3577 292 3610 uuor
338 3575 608 3610 cremooeremcmcoo.
655 3577 706 3610 ar·
737 3578 800 3609 amr
835 3578 873 3608 ev
900 3577 1074 3610 umrosonsa.

107 3623 134 3672 di
142 3623 256 3682 nimirinn,
267 3640 297 3672 ne
306 3625 449 3683 suspiciosus
461 3623 564 3670 videare.
769 3579 937 3687 fflguTemporc
949 3577 1006 3686 pito?
1022 3624 1076 3686 ba]
1110 3625 1211 3674 Tiresias
1229 3628 1340 3689 designat

136 3687 170 3732 53.
182 3687 286 3750 Rapina]
299 3687 395 3747 Raptim
406 3696 429 3733 et
440 3686 548 3733 celeriter
556 3688 621 3747 legas
631 3695 654 3733 et
665 3689 706 3733 ob-
737 3701 785 3733 non
795 3687 886 3734 tantum
894 3701 1016 3747 perronae,
1025 3695 1048 3732 et
1055 3688 1159 3744 nomina,
1167 3691 1207 3736 sed
1215 3699 1339 3750 ettempua

109 3761 188 3796 semes.
738 3749 825 3808 ipsum,
839 3764 886 3808 quo
897 3763 934 3796 ree
946 3759 1063 3796 eventura
1072 3758 1137 3806 aunt3
1149 3754 1212 3809 qood
1223 3754 1263 3800 alii
1273 3762 1339 3801 vates

135 3809 215 3858 Primo
229 3811 307 3874 Cera]
324 3811 448 3858 laceratis
460 3811 545 3857 tabulis
554 3809 610 3856 olim
619 3811 706 3858 scribe·
738 3812 968 3858 nonsolontlacere.
996 3809 1338 3875 Horatinsautemapteindu·

107 3875 167 3930 bant,
180 3882 205 3919 ut
212 3873 265 3933 jam
276 3875 364 3921 dictum
375 3875 416 3920 lib.
427 3874 442 3920 i.
459 3871 509 3919 Sat.
522 3873 557 3918 10.
570 3873 608 3918 ubi
620 3873 649 3920 de
659 3882 706 3935 sty·
738 3873 770 3920 cit
778 3873 894 3920 Tiresiam
904 3875 965 3920 reiut
977 3874 1120 3920 divinantem
1131 3891 1158 3922 ac
1169 3881 1337 3936 praedicentem

108 3937 134 3982 lo.
164 3935 247 3993 ltaque
256 3935 335 3998 primo
345 3949 396 3984 cero
412 3935 531 3996 significat
541 3935 644 3994 primam
661 3945 706 3982 tes-
739 3937 826 3992 lutura,
838 3949 889 4000 quw
897 3950 972 3996 nuper
980 3937 1043 3983 sacta
1052 3953 1079 3983 eo
1089 3945 1196 3998 tempore
1207 3936 1337 3986 noscebau·

108 3999 197 4044 tameuti
207 4000 328 4060 paginam.
345 3997 404 4044 Vide
414 3997 509 4044 sarion.
523 3997 593 4042 Nero.
605 4011 659 4056 cap.
669 3999 704 4046 17.
738 4006 783 4043 tur.
816 3997 876 4045 Sunt
888 3999 911 4044 in
923 3999 1022 4045 AEneide
1033 4001 1108 4046 multa
1119 4001 1235 4062 ejusmodi
1244 3999 1337 4060 longin-

137 4059 238 4107 Scumdo
249 4061 334 4122 cerm]
351 4059 379 4106 ln
391 4061 467 4119 primo
477 4073 547 4106 versu
559 4073 645 4106 nomen
660 4069 705 4107 tea·
737 4075 784 4120 qua
795 4061 912 4122 egregii&
924 4060 1020 4122 Virgilio
1031 4063 1132 4122 tempori
1143 4063 1335 4110 accommodata:

108 4122 192 4179 tatoris,
201 4123 445 4170 insecundoheredii
454 4137 548 4176 nomen,
557 4122 581 4168 iu
590 4123 639 4168 imo
650 4125 703 4170 sub·
736 4123 869 4184 pendetque
879 4137 908 4170 ex
925 4125 970 4170 boc
985 4139 1032 4170 non
1050 4125 1149 4171 minima
1163 4125 1203 4169 lux
1218 4138 1247 4169 ac
1261 4123 1336 4172 virtu·

109 4185 232 4232 strutiones
244 4185 414 4232 scribebantur.
735 4191 840 4244 poeseos.
874 4184 932 4231 Vide
943 4185 1036 4232 AEneid.
1048 4186 1078 4232 vi.
1087 4187 1130 4231 rub
1141 4187 1221 4232 finem.

133 4249 168 4296 55.
180 4247 289 4294 maeror
301 4246 381 4294 scribo
391 4259 422 4293 ec
436 4245 612 4310 QuinqueniroJ
625 4245 704 4294 Senex
765 4247 862 4296 Juocot'o
873 4247 967 4295 Peribit
980 4247 1127 4306 horrendus]
1161 4248 1293 4306 Augustus:
1305 4249 1335 4297 de

109 4309 350 4372 quidamexercitatue
369 4323 398 4354 ac
414 4309 502 4368 peritus
521 4324 608 4366 rorum,
629 4310 703 4367 valer,
735 4307 801 4370 crrjns
821 4312 844 4357 in
864 4309 964 4358 Parthos
984 4308 1089 4362 victorii,
1108 4318 1207 4360 terrore,
1216 4307 1287 4366 lamii,
1298 4325 1335 4356 re·

109 4381 203 4430 asmtus;
221 4381 302 4432 utpote
318 4373 359 4432 qni
375 4371 416 4418 diu
427 4372 504 4416 scriba
520 4371 598 4428 fuerit,
609 4385 638 4416 ac
655 4387 702 4418 ma·
734 4373 854 4431 ceptisqne
872 4375 955 4434 signis,
972 4373 1012 4418 lib.
1024 4371 1054 4416 iii.
1072 4369 1117 4415 od.
1128 4371 1150 4414 5.
1161 4377 1184 4416 et
1198 4371 1236 4417 lib.
1248 4371 1277 4417 iv.
1289 4373 1335 4422 Od.

109 4435 211 4508 p’strotna
223 4435 295 4482 etiarn
305 4435 328 4480 in
337 4434 470 4494 provinciae
480 4434 604 4480 comitatus
614 4433 654 4480 rit:
667 4435 702 4480 rel
735 4436 770 4482 15.

110 4497 268 4556 mmuulcipiis
279 4497 423 4556 Qninqnevir
434 4495 545 4552 extiterit,
562 4495 655 4554 publici
668 4496 702 4544 in-
764 4491 1178 4555 Aomronmtaomgeamfflredq
1198 4494 1334 4557 Dehngnr·
1407 4545 1417 4560 x

111 4561 192 4606 ardum
200 4558 278 4619 aliqui
288 4557 491 4606 administratione
500 4566 524 4604 et
535 4558 702 4616 procuratione
733 4559 751 4605 ti
768 4559 859 4621 origiue
878 4557 918 4606 tib.
930 4556 961 4602 iii.
978 4555 1022 4600 Od.
1034 4555 1056 4600 5.
1067 4562 1092 4601 et
1105 4553 1144 4602 lib.
1157 4556 1187 4604 lv.
1201 4559 1246 4607 Od.
1257 4562 1291 4607 15.
1309 4560 1334 4606 in

111 4619 703 4680 raom:toumerodtoiltuomrtri,rrrumrirr,oc.
733 4621 788 4669 due.

13 4797 299 4817 Q--n—nnLILJ:
312 4816 317 4819 .
330 4816 343 4819 ..
360 4816 362 4818 .
