3106 4910
125 3028 129 3038 ,
171 3020 175 3026 .
191 2986 298 3042 corporis
310 2987 527 3044 pniamexbiberet.

201 169 263 231 ,22
558 131 566 146 '
591 162 632 244 Q.
654 159 846 226 nourrii
868 161 1033 230 rnuccr

196 323 342 386 *egimbert
358 329 393 371 eu
412 337 479 382 naso,
497 325 549 372 ure·
557 305 710 390 Depygis,
725 322 842 386 nasuta,
857 309 942 370 brevi
957 308 1060 386 latere,
1076 333 1113 373 oe
1126 314 1203 396 pede
1217 315 1315 402 longo
1331 333 1391 382 est.

196 389 313 496 spirense,
329 394 352 432 θ’
361 387 425 458 poue
441 386 548 446 longios.
557 391 710 454 Matronae
722 407 833 492 praeter
847 393 954 456 sociem
969 392 1012 454 nil
1026 415 1148 457 cernere
1160 400 1266 480 possis,

220 445 314 496 retered
343 448 399 496 nrhri
434 457 547 494 matrone

194 475 689 569 „morutiumviderequeaecaeissffls
703 497 735 538 nr
751 476 842 540 Catia
856 491 909 554 est,
925 477 1054 540 demissis
1068 494 1147 542 veste
1162 496 1190 544 te
1231 483 1325 548 ntis(
1393 493 1435 553 95

196 571 547 632 cetertsnartmbscondentis
557 559 591 622 Si
606 561 768 624 interdicta
781 576 874 644 petes,
890 561 972 624 vallo
987 562 1183 644 circumdata,
1201 566 1284 650 (uem
1300 585 1332 632 te

195 632 547 752 52⁰2¹3²⁸²Q⁰ffid¹¹s⁶¹3⁸¹cggfficcef
557 644 627 707 Hoc
642 645 716 707 facit
727 645 880 731 insonum)
894 645 997 708 multae
1011 647 1065 708 tibi
1080 662 1143 710 tum
1158 650 1290 716 officient
1303 677 1374 735 res;

194 771 248 804 „m
258 758 384 816 denegari,
397 756 463 818 quoi
474 756 548 802 muni·
558 729 720 807 Custodes
734 729 851 808 lectica,
867 731 1032 808 ciniflones,
1045 738 1197 816 parasitae,

195 819 280 864 mentis
293 817 382 874 cinctas
395 817 492 876 (quippe
505 819 549 863 1¹⁰0
556 815 606 876 Ad
622 815 699 876 talos
715 815 792 876 stola
807 817 946 892 demissa,
962 830 991 877 et
1005 816 1192 882 'circumdata
1204 819 1298 904 palla,

193 879 549 1000 {fiffl‘iffiffiffigfflssffsflffi}
557 898 697 960 Plurima
712 921 780 981 quse
792 901 949 962 invideant
960 901 1036 984 pure
1052 924 1198 986 apparere
1210 905 1263 968 tibi
1275 929 1353 972 rem.
1370 917 1432 974 100

194 1005 311 1059 condes,
322 1004 415 1058 lectica,
430 1003 548 1058 cineratis,
556 983 663 1045 Altera
674 983 717 1045 nil
733 986 840 1046 obstat
870 985 946 1047 Cois
961 986 1015 1047 tibi
1028 1007 1119 1069 poene
1129 989 1232 1051 videre
1244 1006 1289 1054 est
1359 1017 1429 1078 {ses}
1518 1024 1551 1073 ςῑ

193 1067 312 1138 pendeo,
321 1066 381 1172 {3¹³
393 1065 426 1153 ‚id
437 1065 497 1138 ‘⁸¹9⁸
508 1065 548 1172 (ἒξ
557 1065 601 1128 Ut
612 1068 736 1145 nudam,
751 1089 788 1130 ue
802 1090 889 1132 crure
904 1069 996 1147 maio,
1011 1092 1049 1132 ne
1064 1072 1102 1132 sit
1115 1074 1191 1156 pede
1206 1077 1306 1160 turpi;

193 1136 519 1248 ffi'ffissedssssifflifg
534 1150 659 1234 gMetiri
674 1154 770 1235 possis
782 1153 877 1217 oculis
892 1154 979 1218 lutus,
1003 1156 1053 1217 Au
1068 1157 1123 1218 tibi
1137 1159 1233 1220 mavis

144 1285 149 1300 .
193 1249 349 1298 numitore
361 1249 475 1296 dueatur.
507 1251 546 1295 Ar·
556 1235 686 1299 insidias
701 1238 776 1315 fieri,
791 1239 980 1322 pretiumque
992 1239 1113 1303 evellier
1127 1257 1196 1306 ante

193 1322 257 1421 ‘0⁶38
273 1312 336 1421 2¹2¹}ss
351 1311 548 1420 1,ἱῖξῆζὶὰῇ
558 1320 660 1404 Quim
669 1344 797 1386 mercem
809 1323 942 1386 ostendi?
955 1323 1104 1408 Leporem
1115 1342 1239 1390 venator
1249 1344 1281 1390 ut
1290 1331 1355 1394 alet
1366 1338 1425 1396 105

194 1451 292 1484 comere
303 1435 351 1482 fe„
362 1435 430 1495 quoi
441 1437 530 1482 nodam
540 1450 546 1490 ;
556 1405 592 1468 In
608 1407 677 1470 nive
692 1422 831 1485 sectatur,
841 1411 973 1492 positum
990 1411 1031 1471 sic
1045 1425 1169 1492 tangere
1183 1413 1277 1476 nolit:

194 1500 213 1546 si
222 1513 296 1557 pravo
305 1497 334 1544 sit
343 1507 467 1552 crurouut
476 1499 545 1556 rede:
557 1489 682 1575 Captet,
692 1507 722 1554 et
734 1493 861 1576 opponit
872 1515 879 1553 :
890 1493 978 1555 Meus
990 1508 1033 1558 est
1043 1517 1128 1558 amor
1137 1497 1206 1560 huic
1218 1498 1337 1580 similis;
1352 1525 1423 1566 nam

192 1558 546 1680 ffiuzgfflffiss‘ss‘ffiicgff‘gg
555 1574 743 1640 Transvolat
756 1577 788 1640 in
803 1579 904 1640 medio
919 1580 1029 1663 posita,
1044 1593 1073 1678 gp
1087 1580 1234 1662 fugientia
1246 1599 1360 1669 captet.

193 1685 326 1730 mercedem
338 1682 380 1730 tibi
391 1682 454 1740 priris
469 1681 612 1740 extorqueri,
624 1679 694 1739 quim
707 1683 924 1729 merxexbibentur.
955 1684 986 1730 eii
996 1684 1057 1730 enim
1066 1684 1187 1730 cantabis?
1203 1685 1262 1733 mibi
1273 1687 1373 1749 ationem
1380 1709 1388 1736 .·
1399 1705 1424 1736 m

193 1754 291 1790 venator
302 1745 406 1802 leporem
415 1745 437 1790 in
447 1743 510 1790 celsi
518 1745 571 1789 nive
580 1742 740 1801 prosequitur,
756 1745 890 1802 oppositum
899 1741 951 1792 nerd
968 1746 1018 1791 siue
1028 1747 1108 1791 labore
1125 1762 1168 1792 uec
1180 1750 1295 1808 attingere
1303 1751 1424 1811 dignatum.

194 1805 266 1866 Capit
278 1811 355 1852 aretmn
360 1821 369 1860 ,¹
386 1811 406 1852 ei
412 1805 576 1869 jucunditates
587 1805 691 1862 sppou'n.
704 1805 766 1851 Huic
774 1807 855 1852 similis
867 1815 902 1854 est
912 1821 979 1854 meus
991 1812 1066 1865 emor,
1083 1808 1161 1870 inquis
1168 1824 1178 1865 ;
1188 1815 1317 1858 contemnit
1325 1815 1391 1860 euim
1400 1816 1424 1860 io

198 1870 325 1928 propatulo
334 1869 469 1928 constituto,
481 1871 556 1916 ardua
567 1866 622 1914 verb
634 1865 758 1914 desiderat.

675 1990 942 2042 ANNOTATIONES.

193 2120 257 2167 Dum
274 2121 398 2169 admireris
408 2136 462 2167 crus
473 2129 498 2166 et
513 2120 611 2167 brachie
626 2125 673 2164 ture
688 2119 792 2176 matie,
823 2123 1001 2181 peliueeotibus,
1018 2138 1047 2169 ex
1063 2120 1139 2169 insulis
1148 2122 1192 2176 eo,
1207 2124 1255 2170 sive
1266 2123 1325 2179 Coo,
1339 2124 1384 2172 siti
1397 2123 1424 2172 in

192 2197 241 2228 uon
252 2183 355 2229 advertis
367 2184 415 2230 alia
425 2182 521 2230 omnini
530 2181 652 2229 deformia.
824 2185 883 2229 muri
892 2184 974 2244 AEgaeo
981 2187 1012 2230 ed
1021 2199 1088 2231 orem
1096 2183 1175 2231 Curiae
1183 2185 1317 2241 littoreiem,
1326 2202 1424 2249 rerunt.

222 2244 259 2288 93.
271 2243 394 2305 Depygie]
407 2246 478 2298 Quasi
490 2246 540 2290 eine
549 2245 621 2304 prgis,
631 2239 709 2303 eropi,
721 2247 791 2290 nater.
824 2243 904 2306 lungo
911 2259 921 2299 ;
937 2261 989 2304 que
1000 2255 1049 2292 tom
1062 2248 1128 2292 ferox
1139 2255 1163 2292 et
1173 2247 1246 2303 dives,
1262 2257 1287 2294 ut
1302 2250 1424 2306 pror-erbi-

192 2303 269 2364 Epod.
282 2301 475 2361 derideremur,
488 2307 600 2365 additque
608 2306 691 2368 semor
702 2309 792 2350 iumen·
823 2322 863 2352 um
873 2317 949 2362 esset;
966 2322 1034 2370 quent
1047 2307 1091 2355 Cor
1106 2323 1152 2354 non
1163 2309 1243 2365 nutrit,
1255 2311 1316 2356 itone
1327 2325 1367 2356 ure
1380 2311 1423 2356 rij-

191 2365 252 2422 tibris
262 2367 323 2414 exile
333 2368 392 2413 rttrrr
402 2368 530 2416 Additum:
547 2369 610 2428 quod
621 2369 658 2416 bie
675 2367 793 2429 significat
821 2375 914 2430 pupius,
926 2369 1034 2416 Eustetb.
1052 2369 1114 2416 Coae
1124 2380 1199 2416 vestes
1207 2371 1328 2418 Juvenniis
1339 2377 1423 2432 appel-

190 2441 234 2487 per
246 2428 311 2475 breve
322 2428 390 2476 lotus.
822 2431 976 2477 iatmuititia.
1008 2431 1071 2477 Guiii
1089 2431 1117 2480 de
1136 2432 1161 2479 ln
1175 2434 1244 2480 Gose.
1276 2433 1370 2479 Horum
1387 2435 1424 2480 in·

234 2486 235 2493 ’
253 2489 351 2537 Naeuia.
383 2491 469 2538 Cetuii.
481 2492 521 2538 xii.
540 2493 561 2538 l.
823 2494 900 2538 ventio
912 2491 1021 2538 tribuitur
1032 2493 1162 2552 Pompbiiae
1178 2496 1271 2541 cuidam
1283 2497 1375 2542 morteri
1391 2512 1423 2543 ex

255 2552 323 2598 Suire
334 2567 375 2598 nec
386 2553 482 2601 minium
491 2553 573 2614 puello
583 2568 648 2612 naso,
822 2554 897 2599 insulsi
908 2555 965 2600 Coo.
999 2555 1094 2602 Aristot.
1111 2556 1201 2604 Hister.
1218 2557 1320 2603 Animal.
1334 2557 1375 2604 lib.
1390 2561 1414 2604 ri

252 2615 302 2661 Nec
313 2615 371 2662 bello
381 2617 448 2677 pede,
460 2615 502 2662 irc.
821 2616 905 2662 Tibuil.
917 2616 955 2662 lib.
968 2617 990 2664 ii.
1010 2617 1077 2678 Eieg.
1088 2619 1111 2662 3.
1125 2633 1146 2664 v.
1156 2619 1194 2667 57.

222 2676 286 2723 Pede
298 2676 388 2738 longo]
406 2679 474 2724 Ovid.
486 2679 538 2723 Am.
549 2678 581 2723 iii.
592 2678 615 2723 3.
627 2678 649 2725 7.
854 2677 899 2725 iiio
910 2684 976 2737 geret
987 2685 1152 2734 reuertentem,
1165 2680 1328 2742 quoesoeminu
1341 2683 1389 2729 Cen

237 2739 281 2784 Pes
292 2743 340 2784 erui
349 2741 459 2796 exiguus:
467 2739 534 2802 pedis
541 2746 571 2786 est
579 2739 698 2800 aptissimo
703 2738 791 2801 forma.
889 2741 982 2798 Texuit,
993 2747 1089 2788 aurorae
1098 2741 1252 2803 emeruitque
1264 2743 1317 2788 eins.

221 2802 259 2845 95.
279 2802 365 2861 Certim]
379 2797 436 2848 Haec
445 2802 527 2848 domus
536 2803 620 2848 nobilis
632 2802 735 2859 quidem,
747 2804 788 2847 sed
820 2801 926 2859 Propert
939 2804 978 2848 lib.
990 2804 1013 2850 ii.
1022 2803 1065 2848 Ele
1084 2837 1088 2846 .
1102 2805 1121 2850 i.
1133 2819 1155 2848 ν.
1164 2807 1184 2849 5.

191 2862 274 2919 purim
292 2871 357 2910 coste
368 2873 392 2908 et
403 2865 497 2921 pudico,
514 2863 613 2909 breviori
626 2864 699 2909 inetur
716 2877 788 2908 mere·
852 2864 905 2909 Siue
916 2865 1048 2924 togisiiiom
1071 2864 1186 2926 uigentem
1197 2865 1300 2913 incedere
1315 2868 1378 2915 Cois.

191 2925 275 2969 tricunr
295 2926 383 2970 mnicru
401 2928 519 2980 utebatur,
541 2935 567 2971 ut
585 2925 621 2972 sui
643 2933 789 2971 venustatem
820 2925 896 2971 varro
914 2927 1195 2986 togusm'treosuppeilut.
1229 2929 1251 2973 S.
1272 2929 1368 2976 Hieron.
1388 2935 1420 2977 ad

821 2987 912 3032 Letum
932 2989 965 3034 ita
983 2989 1077 3035 scribit:
1107 2989 1176 3037 ratio
1191 2995 1259 3052 porei
1277 2992 1419 3048 vestimentu,

222 3049 259 3092 96.
280 3047 425 3108 interdictu]
450 3048 533 3094 Partes
552 3046 653 3094 maximi
675 3056 750 3096 tectus
766 3055 790 3096 et
821 3048 905 3110 quibus
912 3052 1017 3111 pellatur
1026 3050 1117 3112 frigus,
1126 3066 1173 3099 non
1189 3052 1273 3115 peribus
1283 3054 1360 3100 restite
1370 3069 1417 3102 rte-

192 3109 315 3168 muiripiici
327 3109 407 3156 tunicis
418 3111 523 3155 vultures.
818 3123 878 3170 poro
890 3113 1014 3160 nudentur.

223 3174 259 3216 98.
278 3169 386 3232 hectico]
403 3171 559 3218 Ciorue'suni
571 3179 593 3215 et
609 3177 700 3229 opertu.
732 3171 790 3217 Tor·
853 3173 884 3218 Et
897 3182 918 3219 te
931 3177 1045 3222 monitum
1057 3176 1135 3232 veiim,
1148 3178 1230 3230 lector,
1242 3178 1265 3222 in
1278 3178 1418 3236 quibusdum

191 3235 280 3279 sentius
292 3231 330 3279 hic
341 3234 390 3280 scri
399 3243 424 3278 ut
434 3232 589 3292 soletjudicio
599 3240 683 3278 contre
693 3241 790 3278 ceteros
821 3241 875 3280 vett
890 3237 958 3281 codd.
970 3237 1025 3297 legi,
1040 3237 1137 3284 Chioriu
1148 3253 1191 3296 pro
1206 3239 1268 3285 Coit.
1286 3240 1359 3286 Porro
1365 3241 1419 3301 jum

193 3295 331 3352 interpretes
343 3297 490 3354 depugnans,
505 3309 553 3340 non
564 3294 742 3354 intelligendum
753 3309 790 3339 ve·
822 3295 893 3353 sopri
904 3297 1073 3343 insinuavimus
1089 3299 1139 3345 istis
1151 3301 1252 3346 vestibus
1268 3299 1350 3347 Ronue
1369 3305 1419 3362 qni·

192 3355 294 3402 hicuium
303 3358 432 3413 contendit,
441 3357 482 3402 sed
491 3355 587 3402 interius
597 3355 692 3413 aliquod
700 3357 724 3401 in
736 3357 790 3400 redi·
822 3359 876 3404 dem
888 3360 949 3405 solus
961 3362 1096 3407 meretrices
1108 3362 1172 3408 indui
1183 3364 1338 3408 consuevisse.

192 3419 235 3463 bus
253 3421 373 3474 conclave,
392 3435 439 3478 quo
455 3433 480 3465 se
498 3427 611 3465 metrone
627 3418 789 3474 continerent;
855 3420 904 3466 luo.
923 3421 1032 3482 Leporem
1041 3427 1135 3470 serenior
1146 3429 1171 3470 ut
1182 3424 1240 3480 atre,
1252 3425 1305 3485 deo]
1324 3425 1355 3470 Hi
1365 3435 1420 3472 eunt

192 3480 268 3535 qualis
279 3490 331 3527 erut
341 3481 449 3528 lecticulo
461 3481 500 3527 iile
514 3480 675 3526 lucubratoria
691 3480 790 3540 Augusti
822 3478 1420 3545 dCallimachoversiculi,re1uticmrtiuncuiaequm·

193 3542 255 3598 opud
266 3542 361 3588 Sueton.
373 3558 426 3602 cap.
438 3545 474 3592 78.
506 3541 630 3604 Ejusmodi
641 3555 734 3601 quoque
745 3544 790 3587 lec·
821 3545 885 3599 darn,
897 3560 955 3604 ques
965 3545 1078 3593 Horatius
1089 3547 1155 3606 ponit
1164 3546 1187 3594 in
1199 3562 1239 3593 ore
1248 3549 1358 3594 secmmis
1370 3565 1419 3594 mu-

100 3647 109 3660 ,
191 3602 289 3648 ticulum
310 3604 464 3652 domesticum
492 3605 597 3666 agnoscit
618 3605 679 3651 Just.
696 3604 791 3664 Lipsius
823 3614 911 3652 tronas.
945 3606 1092 3664 Sensusest;
1109 3617 1242 3656 utrcnetor
1257 3611 1361 3670 leporem
1377 3623 1420 3669 pm·

82 3665 98 3676 ”
194 3661 269 3708 Elect.
281 3663 296 3710 i.
309 3680 361 3722 cap.
375 3668 410 3713 19.
822 3669 888 3713 nives
899 3670 983 3715 secturi
999 3677 1022 3715 et
1034 3684 1119 3729 cupere
1130 3673 1224 3731 gnudet,
1244 3687 1314 3730 quern
1327 3675 1420 3731 apposi-

227 3723 372 3787 Cinifienes]
391 3730 409 3774 Α
421 3731 501 3776 flendo
510 3731 533 3776 in
542 3730 632 3776 cineres
640 3728 751 3775 dicuntur
761 3729 790 3776 oi·
822 3737 872 3776 tum
891 3731 934 3776 sibi
946 3731 996 3777 sine
1008 3733 1055 3777 ulio
1066 3734 1146 3779 labore
1163 3749 1206 3780 nec
1222 3745 1319 3794 mingere
1337 3737 1418 3795 digne·

192 3785 297 3847 nisiouer,
317 3789 356 3846 qui
369 3791 513 3847 calamistro,
525 3807 589 3848 ecus,
606 3793 688 3838 ueruto
704 3791 791 3839 celese-
822 3799 876 3848 tur;
893 3801 988 3851 ceptum
1004 3803 1082 3842 utitem
1094 3798 1202 3841 venundo
1213 3803 1236 3842 et
1249 3809 1302 3842 eum
1321 3797 1419 3842 difficul-

192 3848 286 3895 eiebunt
309 3849 332 3896 iu
354 3851 436 3897 cotidie
455 3854 581 3909 cineribus,
603 3857 634 3900 nd
652 3854 790 3911 crispandos
822 3861 870 3900 tere
881 3855 956 3900 iibens
968 3857 1065 3914 apponit
1076 3857 1120 3903 sibi
1134 3866 1156 3902 et
1168 3858 1249 3904 amicis
1259 3871 1265 3914 ;
1277 3857 1309 3904 sic
1321 3874 1374 3920 ego,
1386 3859 1420 3904 io·

193 3911 318 3956 mutierem
329 3912 420 3958 crines:
438 3914 492 3960 item
508 3915 617 3961 cinererii
627 3929 633 3970 ;
650 3931 742 3961 necnon
754 3931 791 3960 or·
822 3918 872 3974 quit
891 3918 937 3971 ille,
957 3927 1053 3976 perotus
1071 3920 1143 3965 cuivis
1160 3927 1254 3980 togatus
1273 3935 1375 3978 sperno;
1394 3931 1420 3966 at

192 3972 303 4030 nutrices,
314 3973 375 4019 Gerr.
389 3973 511 4033 Coeffuses.
528 3977 597 4036 Angl.
615 3977 790 4024 Trete-nouus.
822 3987 943 4024 matronas
954 3981 1063 4036 depereo,
1075 3981 1158 4039 quibus
1170 3981 1215 4027 tini
1224 3984 1322 4028 urdumn
1334 3990 1377 4028 est.

224 4035 358 4096 Parasito]
377 4035 483 4082 Gaetulo
495 4040 603 4095 quendem
615 4047 639 4084 et
658 4041 791 4086 assentatri-
848 4040 1376 4151 107.Cnpioi,stuppeumyngeushicprrgnu,
1385 4045 1418 4090 in-

193 4111 232 4144 ces
244 4099 362 4153 mulieres,
377 4100 407 4144 nd
419 4101 563 4156 captandum
574 4099 652 4145 cibum
669 4102 791 4159 expedite.
823 4102 1132 4164 gerundisseutio.Sugeciter
1159 4105 1419 4152 snrbinusitucorrexir.

223 4161 261 4205 99.
280 4159 369 4222 Palm]
388 4159 485 4217 Ampius
493 4168 518 4206 et
526 4160 634 4206 sinuosus
645 4163 745 4208 amictus
756 4170 791 4208 tu-
823 4165 911 4210 Omues
923 4171 1001 4210 tumen
1021 4167 1114 4213 codices
1126 4168 1171 4214 buc
1187 4181 1260 4227 usque
1279 4169 1420 4222 babuerunt,

192 4219 252 4266 nicoe
263 4230 286 4266 et
298 4224 362 4269 stobe
370 4221 506 4282 superindui
519 4223 610 4276 solitus,
620 4223 684 4268 velut
694 4225 791 4281 pellium
823 4230 906 4272 cordat.
938 4225 1080 4286 interpretes
1089 4229 1113 4275 io
1124 4230 1238 4290 erigustiis
1251 4230 1368 4276 constituri
1382 4245 1419 4275 ve·

193 4284 313 4338 quoddam
335 4287 438 4332 bouestoe
461 4285 551 4330 mulieri
568 4284 698 4340 proprium.
729 4286 791 4331 Non.
823 4289 927 4334 notorior
954 4288 1077 4344 clamores,
1104 4292 1188 4350 quibus
1215 4293 1321 4337 revocari
1344 4293 1419 4337 soient

192 4341 300 4390 Marcell.
317 4345 378 4391 Geli.
394 4346 508 4391 Massicen
518 4344 546 4390 de
557 4344 684 4391 ceremonie
691 4359 700 4399 ;
716 4347 791 4392 simile
822 4362 903 4404 cenes,
919 4350 1084 4408 adhibuerunt,
1095 4359 1118 4398 et
1129 4352 1308 4411 Xenophontem
1320 4353 1420 4399 offerunt

191 4403 266 4458 propo
277 4409 442 4452 vestimentum
455 4403 523 4450 hodie
535 4412 629 4458 vocent,
645 4419 679 4452 un
695 4412 791 4453 suriunt.
823 4411 998 4468 precipientem
1014 4414 1091 4460 varios
1102 4421 1169 4459 tonos
1184 4414 1247 4458 vocis'
1265 4415 1420 4470 adiubebdom

192 4461 262 4517 Angl.
279 4477 294 4508 o
305 4466 518 4514 Mourisa-eorvis.
823 4478 926 4526 scutum,
945 4485 1051 4532 gravem,
1069 4489 1176 4532 purum,
1197 4489 1325 4534 megnom:
1343 4483 1367 4521 et
1386 4475 1419 4522 sic

185 4521 274 4602 mibi.
294 4523 370 4587 cote]
387 4527 496 4576 Vestibus
508 4525 663 4588 bombycinis,
674 4527 792 4586 tenuibus,
823 4545 905 4579 vocem
916 4537 993 4581 contet
1004 4535 1131 4594 explicent,
1146 4547 1217 4594 teque
1226 4545 1252 4584 nt
1260 4536 1315 4584 lieet
1323 4537 1419 4605 expedi-

203 4825 206 4830 .
276 4791 398 4832 A„
1060 4787 1074 4832 i

1503 338 1517 557 i

1519 1124 1532 1157 μ
1550 1083 1551 1102 i
