3136 4952
180 214 246 288 132,
575 197 615 282 Q.
639 195 829 262 HORATll
852 193 1019 260 FLACGI

675 365 768 430 ODE
791 363 914 430 XVIII.

180 497 333 566 Mediocri
343 518 372 559 se
378 493 507 580 sortund
521 491 635 558 beatem
651 516 729 555 erre.-
744 493 873 578 desipere
885 515 932 555 ece
945 493 997 578 qui
1009 489 1094 555 innui
1105 500 1132 554 et
1142 491 1278 554 oooritie
1289 490 1428 570 student,

639 595 740 656 mortis
764 595 951 656 immemores.

221 741 272 788 Nec
297 741 356 814 ebur
383 753 435 812 ¹¹⁰⁰.
452 753 537 812 aurum
546 729 653 815 NON
663 752 747 826 ebur,
759 770 856 832 neque
871 769 996 811 aureum
1351 767 1426 832 [m]

182 805 290 864 splendet
298 817 321 850 tn
330 804 436 862 laqueari
450 804 535 847 cedrum

181 880 304 914 mearum
322 865 394 911 Haud
406 863 536 924 Hymettia
587 837 660 900 Met
674 836 790 896 renidet
805 835 836 896 iu
851 833 943 896 domo
955 834 1100 896 lacunar:

182 929 260 976 trebes
272 927 404 972 innituntur
420 925 537 972 columnis
547 921 621 984 Non
635 921 734 982 trabes
749 917 917 1000 Hymettiae

182 987 537 1109 ffigfflffriffpfiffsscffflffg
588 1005 736 1068 Premunt
751 1003 908 1065 columnas
919 1001 1026 1066 ultimi
1040 1003 1149 1066 recisas
1351 1021 1429 1084 [η]

183 1113 254 1168 nitus,
285 1111 389 1172 regalem
408 1107 539 1172 potentiam
548 1090 661 1154 Africi.
691 1087 800 1168 Neque
814 1087 910 1150 Attali
1402 1089 1424 1145 5

183 1173 265 1222 tnvast.
588 1174 716 1258 ignotus
731 1173 827 1234 heeres
843 1173 958 1255 regiam
971 1172 1137 1256 occupavi:

665 1353 758 1402 ,ΙΙΝΝΟ
763 1351 803 1400 Tri
808 1351 934 1402 ΠΟΝΕδ.

215 1483 274 1530 Hee
290 1483 341 1530 Ode
357 1490 393 1530 est
408 1482 497 1528 dicolos
514 1481 657 1539 distropbos.
679 1479 783 1526 Metrum
817 1477 908 1537 Syenen
922 1492 976 1526 oero
997 1476 1121 1526 Thebaidis
1140 1475 1252 1535 Syenites,
1274 1489 1345 1536 quem
1366 1479 1423 1522 mn

184 1547 269 1594 dicitnr
290 1545 327 1590 vel
346 1544 542 1602 Hipponactium,
566 1546 596 1587 eb
619 1550 728 1598 auctorej
748 1542 786 1588 vel
816 1541 990 1602 Pyrropecr'ion
1008 1539 1125 1588 coendum.
1161 1539 1246 1584 nares
1260 1550 1327 1584 ereo
1340 1537 1422 1598 ferere

184 1607 349 1664 Euripideum,
359 1607 423 1663 quod
434 1619 462 1649 eo
474 1606 610 1662 frequenter
624 1618 680 1648 usus
691 1603 721 1648 sit
737 1601 784 1647 Eu·
816 1601 890 1663 Reges
901 1603 1002 1663 quodum
1013 1600 1137 1646 certamine
1146 1599 1252 1647 obeliscos
1261 1603 1372 1654 morata,
1380 1599 1422 1644 So-

185 1668 281 1726 ripides.
816 1663 1068 1710 lisnnminieucrnios.
1100 1663 1158 1710 Vide
1172 1659 1424 1710 Strabou·lib.ix.ubi

217 1728 309 1774 Primus
320 1741 401 1772 versure
412 1734 447 1772 est
459 1725 604 1771 Troehaieus
613 1725 712 1770 dimeter
723 1733 786 1770 catu·
818 1741 847 1770 ex
862 1727 977 1785 Hymetto
989 1728 1099 1771 advectus
1111 1727 1188 1770 trabes
1200 1722 1284 1783 longas
1301 1733 1325 1768 et
1336 1724 1423 1772 deum

185 1791 296 1846 leetieus;
307 1791 347 1835 ubi
366 1791 432 1833 deest
443 1803 491 1832 unu
507 1787 600 1846 syllaba
615 1788 646 1832 ud
663 1787 788 1844 perfectio·
819 1795 997 1832 commemorat.

186 1867 253 1898 uem:
265 1861 288 1898 et
300 1850 420 1897 scanditur
431 1851 475 1894 hoc
485 1849 568 1904 ruodo,
849 1849 871 1892 4.
892 1848 980 1894 Ultimd
995 1848 1079 1895 recisus
1088 1847 1190 1910 dsricd]
1216 1845 1346 1894 Columnas
1356 1843 1422 1892 iutel-

280 1915 333 1959 Non
346 1917 358 1957 ,u
373 1911 377 1975 Ι
390 1914 434 1956 bur
445 1916 474 1956 nd
488 1910 492 1972 Ι
506 1927 552 1969 que
563 1913 619 1956 iurd
633 1907 639 1981 Ι
651 1915 698 1954 dm.
818 1909 894 1970 ligitb
913 1923 1030 1956 marmore
1043 1909 1178 1966 Numidico,
1195 1909 1264 1970 cujus
1275 1910 1376 1967 pretium
1389 1907 1421 1954 iu-

217 1976 263 2022 Alii
276 1977 356 2021 volunt
369 1989 418 2020 esse
429 1973 557 2019 lumbicum
565 1970 744 2030 Archilochium
755 1971 789 2018 tli-
820 1988 887 2031 gens,
901 1971 973 2018 fuisse
986 1980 1084 2018 testetur
1095 1971 1185 2018 Plinius
1196 1971 1235 2018 lib.
1247 1971 1327 2018 xsxvi.
1339 1985 1392 2028 cup.
1400 1967 1423 2016 d.

188 2047 288 2085 metrum
301 2039 470 2083 detrimentum
490 2035 530 2092 qui
547 2041 640 2080 constet
652 2033 788 2092 Amphimn·
820 2035 855 2080 bis
872 2033 954 2080 verbis.
985 2034 1019 2080 M.
1034 2031 1136 2094 Lepidus
1147 2033 1227 2080 Catuli
1246 2031 1272 2078 in
1294 2031 1424 2080 Consulatu

187 2115 236 2156 ero,
248 2108 271 2146 et
282 2102 372 2146 duobus
384 2097 484 2151 lambis;
497 2097 540 2140 hie
553 2097 654 2140 ratione:
818 2095 915 2158 collega}
929 2095 1021 2157 primur
1039 2095 1142 2143 omnium
1163 2095 1247 2142 linrina
1265 2093 1278 2142 ὸ
1297 2093 1424 2140 Ji'unridieo

296 2161 349 2206 Ndn
362 2162 420 2204 ebur
433 2157 438 2220 Ι
451 2161 526 2214 neque
538 2155 673 2263 ᾱιιΙτΙιὶιη.
818 2173 931 2206 marmore
942 2157 968 2203 in
977 2157 1043 2206 domo
1057 2157 1134 2219 posuit
1144 2157 1233 2218 rnugnd
1241 2155 1425 2218 reprehensione.

218 2223 285 2268 Alter
304 2236 384 2266 versus
397 2217 560 2266 estlambicus
595 2219 735 2266 rchiloebius
751 2219 790 2266 tri-
822 2221 935 2268 Numidia
946 2221 1033 2268 Africis
1044 2222 1110 2281 regio
1122 2220 1212 2276 ultima,
1229 2229 1253 2266 et
1269 2215 1373 2264 maxime
1383 2231 1424 2264 oe·

188 2293 263 2330 meter
271 2283 431 2336 catalecticus,
439 2289 550 2326 coustuus
560 2279 662 2338 quinque
671 2279 758 2330 lumbis
767 2291 790 2328 et
821 2284 951 2330 cideutulie.

187 2345 235 2391 und
251 2343 352 2405 syllabi:
371 2343 475 2389 admisso
494 2343 551 2389 locis
570 2341 699 2402 imparibus
711 2344 787 2406 Spou·
848 2348 870 2392 6.
887 2346 968 2406 Neque
979 2344 1158 2405 dtialilgnoius
1167 2343 1239 2391 iteret
1253 2342 1344 2404 regiam
1359 2356 1424 2390 oern-

188 2407 252 2464 daeo,
265 2405 332 2452 etsie
344 2405 471 2451 scanditur.
815 2407 892 2470 proi]
905 2406 1039 2454 Necdivitis
1047 2405 1187 2466 cujusquam
1197 2405 1358 2450 hereditatem
1366 2417 1424 2463 esp·

238 2468 293 2514 Met
306 2468 311 2530 Ι
324 2472 374 2513 reni
388 2465 393 2531 Ι
406 2469 447 2512 det
457 2473 480 2512 in
495 2465 500 2529 Ι
513 2468 584 2513 dbmo
597 2465 601 2530 Ι
614 2467 667 2512 lecu
681 2466 685 2530 Ι
698 2483 750 2514 nur.
821 2470 878 2525 tavi,
890 2469 966 2515 unave
979 2470 1062 2514 fraude
1070 2476 1094 2514 et
1102 2477 1154 2512 arte
1165 2466 1425 2525 mulitiuvesi,opulen·

220 2530 241 2578 l.
251 2529 306 2578 Non
323 2529 387 2585 ebur,
398 2543 480 2590 torque,
498 2527 551 2590 ize]
574 2529 636 2588 Opes
655 2537 679 2574 et
698 2531 791 2578 divitius
822 2543 859 2580 tus
871 2546 966 2592 quoquo
977 2531 1047 2576 modo
1062 2545 1113 2576 esse
1125 2531 1219 2577 volens:
1236 2529 1297 2575 sieut
1308 2529 1424 2577 Aristoni-

188 2606 232 2638 nec
243 2593 361 2650 possideo,
373 2607 416 2638 nec
432 2591 510 2650 cupio,
521 2605 572 2650 quae
584 2592 691 2638 omnibus
708 2595 788 2652 appeti
820 2610 861 2642 cus
874 2595 955 2655 (quem
974 2589 1031 2638 sune
1048 2593 1153 2650 respexit
1170 2593 1279 2638 hocloco
1296 2589 1424 2652 Horatius)

188 2655 412 2712 solent5eteaqure
425 2655 788 2712 paucorumsuntbebeminde-
819 2671 919 2716 reguum
937 2654 998 2700 Asiae
1019 2654 1063 2700 eibi
1085 2654 1220 2700 vindicavit.
1251 2653 1306 2700 Duo
1328 2653 1425 2700 suerum

188 2730 235 2775 que
246 2730 284 2761 me
294 2717 388 2762 beatum
400 2715 516 2778 existimo.
548 2716 568 2762 F
571 2717 607 2762 ide
616 2717 714 2776 integer,
723 2717 787 2778 inge·
820 2717 894 2764 Attuli
906 2715 1018 2775 Pergami
1028 2715 1105 2776 Reges
1115 2731 1121 2773 ;
1139 2717 1211 2775 prior,
1219 2713 1332 2762 Eumenis
1341 2715 1424 2772 irater,

189 2779 228 2826 nio
240 2780 330 2835 valens,
341 2779 436 2825 cuilibet
448 2792 485 2823 me
494 2785 586 2823 ostento
597 2787 621 2824 et
632 2781 738 2837 prefero.
819 2780 936 2840 posterior
945 2787 1024 2825 autem
1032 2779 1099 2824 filius.
1127 2778 1173 2826 Hic
1184 2777 1262 2826 Attalo
1274 2785 1360 2836 patruo
1370 2779 1422 2824 suc‘·

219 2841 256 2887 No
278 2854 301 2888 re
319 2854 417 2887 aureum
428 2839 583 2887 Maerentem
598 2841 624 2886 in
638 2839 706 2888 domo
725 2841 789 2889 loeu-
820 2843 890 2892 cessit
898 2841 921 2887 iu
931 2839 1131 2898 Asiaelmperium.
1147 2841 1205 2888 Post
1212 2854 1286 2886 annos
1294 2838 1423 2898 veruquin-

187 2904 251 2962 rtur]
291 2917 413 2949 omusuou
425 2901 505 2948 habito
517 2903 663 2964 magnificas,
679 2905 750 2950 ebore
766 2913 790 2952 et
821 2920 867 2964 que
887 2903 975 2950 instare
990 2902 1034 2948 sibi
1053 2911 1152 2948 mortem
1172 2903 1283 2958 sentiens,
1305 2901 1423 2960 Populum

189 2973 585 3023 emoexornetus,marmorepere
616 2965 789 3014 inaedificatas
821 2967 957 3016 Romanius
974 2979 1047 3024 opum
1065 2979 1161 3012 suarum
1180 2964 1292 3026 regnique
1304 2963 1421 3010 breredem

188 3035 212 3074 et
223 3027 347 3088 fulgentes.
380 3027 467 3074 Arnob.
475 3027 515 3072 lib.
527 3027 556 3073 vi.
586 2980 789 3076 diacodion-
821 3026 974 3086 nuncupavit.
1005 3027 1072 3080 Quod
1084 3035 1108 3073 ut
1117 3028 1208 3086 accepit
1219 3025 1365 3072 Aristonicus
1374 3025 1422 3072 Eu·

187 3087 287 3137 uideant
297 3090 381 3137 aureis.
414 3089 507 3136 Lucret.
518 3089 558 3134 lib.
568 3087 590 3134 ii.
599 3043 642 3134 sul)
653 3090 704 3136 init.
822 3089 897 3137 menis
908 3105 938 3136 ex
949 3089 1032 3148 pellice
1045 3090 1113 3145 iilius,
1128 3089 1218 3150 regiam
1235 3089 1332 3147 stirpem
1344 3095 1422 3136 osten·

250 3151 298 3198 Nee
306 3151 388 3200 domm
398 3149 609 3212 ergerttosulgens‚
620 3164 722 3212 ostroque
730 3151 790 3201 reni·
822 3162 885 3210 teus,
900 3152 1034 3212 conscripto
1046 3153 1158 3208 exercitu,
1174 3152 1316 3212 Pergamum
1329 3149 1422 3206 iuverit,

311 3213 382 3262 dem.-
822 3224 846 3264 et
856 3216 1015 3274 principatum
1024 3229 1052 3260 ec
1062 3215 1246 3263 dotuiuutionern
1258 3211 1319 3258 Asia
1330 3214 1421 3260 obtinu-

249 3277 299 3324 Nee
317 3275 412 3322 ritimis
430 3273 525 3322 reboant
540 3271 651 3334 laqueata
661 3279 790 3337 cordaque
822 3278 847 3324 it.
864 3277 946 3322 Crassi
957 3273 1012 3324 verb
1024 3275 1158 3322 itRomunis
1167 3277 1231 3322 missi
1243 3273 1352 3322 Pretoris
1362 3275 1422 3322 irae-

314 3342 359 3384 teot
377 3337 409 3384 Ια.
822 3339 852 3384 tis
861 3339 948 3384 viribus
960 3348 983 3384 et
994 3339 1142 3394 mictoritute,
1158 3348 1211 3398 post
1223 3352 1298 3384 annos
1307 3337 1356 3384 iere
1364 3351 1421 3396 que·

194 3419 197 3424 ·
218 3398 241 3444 3.
257 3397 312 3444 Non
323 3404 344 3444 tr
374 3413 396 3445 es
408 3395 531 3458 Hymettiae
540 3393 791 3457 Premttnteoittmnm,
822 3399 1422 3458 tuordebellatusitl‘orpenne,moxqueabllqui-

190 3457 243 3520 ire]
261 3458 288 3504 ln
300 3461 357 3506 meis
370 3461 457 3506 adibus
467 3475 514 3507 uon
522 3467 576 3506 suut
585 3460 729 3518 pretiosteex
739 3459 789 3520 Hy·
821 3461 853 3510 lio
865 3461 1015 3515 Consulibus,
1027 3461 1097 3517 plani
1108 3462 1225 3508 extinctus
1242 3469 1284 3507 est.
1315 3461 1421 3508 Jusunm

191 3529 263 3566 mette
274 3523 360 3574 trabes,
369 3521 483 3568 columnis
491 3521 601 3580 exqttisiti
609 3523 732 3568 marmoris
740 3538 789 3570 sus·
821 3523 860 3571 lib.
872 3521 951 3568 xxxvi.
962 3525 1005 3567 sub
1018 3521 1097 3568 finem:
1115 3523 1144 3568 ln
1154 3522 1211 3568 deiri
1221 3523 1271 3568 Rex
1279 3521 1421 3585 ,dttatrsfio-

190 3589 292 3628 teutntee.
326 3581 460 3642 Hymettos,
481 3584 566 3630 Atticm
588 3599 656 3630 mons
678 3585 790 3645 regionis,
820 3583 975 3632 rentisrimnm
995 3589 1016 3629 et
1034 3584 1063 3629 ab
1082 3584 1187 3630 Eumene
1200 3588 1286 3645 patruo
1304 3591 1423 3648 acceptum

191 3643 259 3689 melle
268 3645 363 3701 quidem
371 3647 504 3701 abundans,
512 3646 596 3706 insigni
608 3645 663 3694 verb
671 3661 790 3696 marmore
821 3659 929 3708 regmen,
937 3645 1037 3692 rudibus
1043 3645 1150 3707 sedebat
1178 3680 1337 3694 .....
1362 3661 1422 3694 mor·

190 3706 275 3751 clarus.
307 3704 367 3750 Plin.
384 3707 425 3751 lib.
442 3707 495 3754 xvii.
507 3722 560 3768 cap.
574 3709 593 3754 Ι.
602 3710 722 3755 columnus
735 3725 790 3770 qua-
821 3711 877 3756 bum
886 3722 914 3755 er
926 3705 987 3756 Solis
996 3709 1089 3779 seriore
1098 3705 1220 3764 returned,
1237 3713 1258 3756 ct
1268 3709 1367 3771 septimi
1384 3709 1422 3755 die

191 3774 245 3813 tuor
258 3765 371 3824 Hymettii
380 3769 503 3814 marmoris
514 3772 546 3816 ad
554 3785 649 3818 scenam
658 3773 790 3819 ornandum
822 3769 921 3818 decrerit.
950 3771 1253 3833 Htpmtedumcntolraeree
1263 3771 1369 3834 Populus
1377 3769 1421 3818 lio·

191 3830 302 3874 advectas
318 3828 397 3873 refert.
428 3829 480 3875 Hes
496 3832 567 3888 porrd
584 3841 678 3880 contum
690 3833 791 3882 millibus
821 3837 971 3880 mennstrooo
986 3831 1122 3878 instita-itur.
1157 3833 1260 3880 Sederat
1277 3849 1305 3880 ee
1317 3833 1422 3880 Eumene

191 3888 313 3936 nummum
324 3897 416 3946 emptas
433 3893 465 3936 ait
480 3891 559 3938 valer.
576 3893 641 3941 bier.
654 3895 718 3942 ldem
730 3895 790 3943 Plin.
822 3895 964 3942 Aristonicus
970 3893 1085 3956 nonjurto
1097 3894 1299 3951 mnnmcntamr
1306 3894 1422 3957 repellite

190 3951 231 3998 lib.
243 3950 322 4022 xrxvi.
340 3963 392 4006 cap.
403 3953 425 4021 3:
436 3951 470 4022 ita
484 3953 576 4012 scribit3
594 3955 620 4002 L.
632 3955 726 4004 Crassos
739 3973 791 4006 oro·
822 3957 924 4017 Epirotici
934 3957 1055 4004 rititerietm
1068 3955 1251 4018 cnjuedrmfiiid
1265 3958 1365 4020 genitus,
1371 3971 1422 4064 ,du

190 4018 226 4061 tor
231 4025 323 4076 promus
331 4025 451 4072 peregrine
462 4016 583 4062 marmoris
591 4017 709 4063 columnus
718 4017 791 4068 lubu-
818 4023 973 4078 poetrrtortem
984 4017 1348 4081 Attulioeintpnternmnregnm
1392 4015 1421 4064 ri·

190 4075 247 4122 itin
263 4073 342 4124 eodem
358 4073 450 4134 palatio
468 4073 602 4133 Hymettias.
635 4075 713 4123 Veler.
726 4077 791 4126 Max.
822 4081 963 4134 mninoosit,
980 4081 1022 4125 bc.
1056 4079 1113 4124 Vide
1125 4089 1148 4126 et
1158 4081 1214 4127 Luc.
1225 4077 1323 4128 Florum
1333 4079 1422 4127 Histor.

190 4138 231 4184 lib.
251 4139 282 4184 ix.
301 4151 355 4196 cap.
371 4136 390 4181 l.
410 4135 454 4182 Cn.
466 4135 583 4182 Donidius
599 4138 624 4184 L.
646 4138 728 4186 Crasso
746 4141 790 4190 col·
822 4141 890 4188 Rom.
902 4144 942 4188 lib.
955 4143 977 4187 ii.
995 4155 1048 4198 cup.
1062 4143 1099 4186 bt).
1110 4143 1149 4188 ubi
1168 4143 1317 4198 Aristonem,
1339 4143 1423 4200 inquit,

192 4199 303 4261 legente,
312 4197 462 4246 altereatione
471 4199 529 4252 oriri,
537 4198 698 4308 objecimrtdd
705 4201 791 4248 colum-
821 4204 881 4264 regii
887 4202 1016 4264 sangoinis,
1021 4203 1093 4264 seror
1096 4219 1110 4266 J
1115 4205 1200 4261 toronis,
1208 4205 1275 4253 nrbes
1282 4204 1375 4266 regibus
1379 4216 1422 4264 prr·

191 4275 234 4308 nur
245 4259 600 4323 Hymettiarinporticudomis
652 4267 706 4308 eret.
723 4263 790 4325 Meg·
821 4266 1211 4326 rereoonmeterpurtimeoiieitur:
1243 4265 1422 4314 mnmres‘sren

191 4335 224 4369 nu
238 4339 309 4383 porro
320 4325 356 4380 lis,
373 4325 490 4370 fuerintne
502 4325 580 4369 trabes
595 4323 639 4370 ille
651 4324 743 4384 ligneae,
759 4342 790 4374 su
822 4332 854 4375 ies
864 4327 888 4373 cn'
903 4325 1002 4386 recepit:
1023 4327 1099 4376 Crassi
1116 4345 1204 4392 quoque
1238 4329 1327 4376 reloris
1339 4325 1422 4374 cecidit

192 4397 338 4432 marmoree.
369 4385 457 4431 Verum
469 4384 555 4432 enimi
572 4386 635 4448 ligno
647 4387 723 4445 potius
740 4387 790 4449 Hy·
822 4389 947 4436 exereitum
964 4421 1061 4437 .....
1082 4387 1166 4438 rrrocd
1185 4391 1310 4457 chteund
1323 4387 1424 4439 domitur

192 4447 274 4491 mettio
290 4447 361 4506 quim
380 4447 522 4494 bmnntrore
542 4449 692 4496 crediderim:
717 4467 790 4509 quan-
823 4456 843 4496 ct
855 4454 935 4509 copias
965 4485 971 4495 .
1003 4487 1009 4496 .
1040 4447 1423 4512 Aquiiins‚isiottcibeilireliqni-

192 4519 264 4576 qttam
276 4516 300 4552 et
310 4523 339 4552 ex
351 4511 429 4568 lupide
437 4514 516 4556 trabes
527 4512 631 4556 extitisse
640 4511 703 4556 clare
722 4514 791 4558 docet
823 4525 848 4556 us
856 4511 954 4572 confecit
958 4527 967 4568 ;
984 4512 1176 4618 rrririirAnrsml)
1186 4507 1384 4572 venenosordibur
1392 4509 1424 4564 oti

192 4565 253 4613 Pltn.
267 4568 307 4614 lib.
319 4571 397 4616 xxxvi.
416 4585 469 4632 cup.
478 4575 499 4620 8.
521 4573 560 4620 ubi
576 4574 609 4620 sie
619 4574 702 4620 babet:
723 4573 791 4619 Circa
822 4569 960 4618 deditionem
971 4588 1055 4634 queret
1080 4587 1118 4618 ont
1130 4569 1231 4625 ornum,
1241 4569 1285 4617 &tc
