3032 4916
464 215 730 282 SATIRARUM
753 213 894 280 LIBER
914 215 940 279 1.
961 222 992 280 6.
1298 223 1359 284 355

110 365 232 434 Multis
247 381 337 449 atque
352 365 420 428 aliis
434 366 515 427 vivo.
538 363 733 447 Quocunque
748 363 845 426 libido
858 375 911 440 est,
937 369 992 426 lll
1005 375 1101 438 uitaque
1112 377 1172 426 bene
1185 379 1271 426 mules.
1303 381 1359 428 nm.

110 453 240 516 Incedo
252 452 332 514 solus
347 473 355 511 ε
378 463 560 534 percunctor
575 451 679 532 quanti
694 450 770 526 olm,
786 469 823 510 ac
838 448 903 510 lar:
1006 441 1060 548 ξὲιῑθ
1071 441 1134 489 ⁸⁰¹⁰³
1151 455 1293 548 qqncunque
1307 445 1359 503 νίν»

1052 536 1058 560 ,
1077 518 1155 562 quero
1181 513 1324 563 rumentum,
1335 517 1360 554 et

111 537 282 601 Fallacem
298 537 424 613 circum,
439 535 703 618 vespertinumque
717 553 841 617 pererro
1007 565 1168 626 herbaquanti
1180 571 1291 621 vernum
1305 581 1359 628 per-

114 623 219 708 Saepe
235 621 356 684 sorum:
379 621 485 682 assisto
496 620 624 682 divinis:
647 619 717 681 inde
731 619 856 682 domum
873 637 995 700 mensis]
1007 626 1081 673 lustro
1108 629 1196 674 cneum
1223 629 1359 678 fraudulen·

114 709 173 788 Ad
189 708 275 792 porri
290 721 320 770 ct
331 706 436 770 ciceris
451 705 546 766 resero
560 703 744 786 luchanique
758 703 902 764 catinum.
936 707 995 764 115
1006 691 1359 812 {ffiffiffifffflffl

117 793 231 856 Coena
244 792 431 854 ministretur
445 789 545 874 pueris
559 789 673 851 tribus:
688 802 718 849 et
732 786 810 872 lapis
825 785 911 848 albus
1004 813 1052 870 1⁰⁵5
1069 815 1123 862 hh,
1139 816 1210 861 reuco
1221 816 1315 863 domum
1327 817 1359 864 ad

116 877 247 940 Pocula
262 897 331 939 curn
346 877 456 960 cyatho
471 876 532 936 duo
547 873 678 934 sustinet.
715 873 827 934 Adstat
841 873 965 934 echinus
1004 877 1112 934 pannum
1131 877 1204 936 porri,
1222 893 1251 926 ιο
1268 879 1360 936 cnossi,

116 961 217 1039 Vilis,
233 983 303 1025 cunr
317 963 421 1046 pateris
434 956 547 1042 gustus,
563 955 726 1041 Campana
739 957 884 1040 supellex.
1002 937 1360 1060 {Jfflffimctffinssefflssg‘}
1390 997 1391 1002 ¹

121 1045 252 1111 Deinde
275 1069 312 1109 eo
335 1046 508 1121 dormitum,
532 1064 594 1105 non
624 1043 780 1119 sollicituS,
810 1043 885 1104 mihi
910 1041 1154 1126 quddlapuaurem
1171 1065 1286 1110 candidus
1305 1079 1360 1124 por·

253 1153 319 1195 cras
934 1125 1360 1233 [530]pp¹tbiqodsscyq¹lroscppreya.

128 1217 326 1300 Surgendum
338 1217 377 1278 sit
389 1215 491 1292 manis,
507 1214 666 1277 obeundus
675 1211 816 1294 Marsya,
829 1212 880 1292 qui
896 1231 926 1271 se
945 1201 1084 1306 lfflgulr'us
1092 1193 1361 1308 mffi‘gmffrgfffig

121 1316 136 1362 ὲ
148 1314 288 1374 Campanii.
319 1315 406 1364 Postea
418 1313 480 1361 vado
491 1313 597 1361 cubitum
609 1310 706 1358 minime
715 1311 808 1364 anxius,
819 1307 883 1368 quod
891 1307 928 1355 elie
939 1307 1044 1354 crastinis
1051 1311 1195 1369 surgendtuu
1206 1311 1238 1356 sit
1248 1311 1360 1369 diluculo,

120 1377 279 1438 visendusque
291 1377 410 1439 Marsyas,
421 1377 463 1436 qui

608 1496 880 1546 suspensiones

155 1691 209 1737 111.
225 1688 309 1736 Multis
320 1693 390 1752 utqtoe
406 1686 479 1760 alin]
496 1686 590 1748 Legunt
600 1684 729 1740 alituum·
760 1685 839 1747 gravis
849 1693 874 1733 et
885 1685 977 1744 lepidus
993 1683 1065 1746 sequi.
1098 1683 1159 1732 cum
1172 1684 1303 1747 syracusas
1319 1689 1361 1736 ob·

121 1752 166 1800 bus
174 1756 243 1814 utque
253 1749 313 1797 ullis.
330 1748 433 1796 Rursum
445 1750 484 1795 nlri
494 1749 563 1795 aliter
573 1749 728 1808 interpretem·
760 1749 856 1802 sideret‚
867 1747 965 1808 ejusque
976 1763 1047 1796 naves
1058 1749 1209 1796 Archimedes
1219 1751 1362 1808 sublevaret,

122 1825 180 1862 tur:
197 1813 294 1872 quidam
303 1811 345 1869 sic,
355 1814 386 1858 ob
397 1812 443 1857 hoc
451 1817 475 1857 et
487 1811 533 1858 alia
544 1811 729 1856 multecommo·
761 1825 901 1869 rursumque
919 1811 979 1856 muri
999 1811 1098 1858 illideret
1115 1819 1186 1871 atque
1202 1811 1362 1885 immergeret,

125 1875 180 1923 disis
192 1877 254 1931 vivo,
264 1873 307 1922 isc.
758 1882 792 1928 ut,
803 1871 915 1931 depressit
926 1873 999 1930 puppi
1010 1873 1046 1918 vel
1057 1872 1137 1931 prosi,
1147 1889 1215 1932 equae
1232 1875 1360 1932 plurimum

160 1938 212 1984 11³.
229 1935 348 1984 Pollucem
358 1935 464 1996 circum]
482 1935 579 1982 Circum
590 1936 728 1992 maximum,
760 1935 895 1994 acciperent
905 1947 910 1988 ;
927 1935 1010 1980 ludens
1027 1935 1105 1981 siebat
1123 1935 1259 1992 Marcellus,
1278 1937 1360 1982 Archi·

126 1999 143 2047 d
162 1997 294 2057 Tarquinio
312 1999 394 2045 Prisco
411 1997 552 2056 spectaculis
570 1998 728 2058 designatum,
760 1999 854 2043 medem
866 1997 913 2043 suis
926 1997 1023 2044 navibus
1035 2011 1079 2056 pro
1087 1997 1179 2058 cyathis
1187 1998 1231 2060 uti,
1239 1997 1360 2048 Plutarch.

128 2059 264 2107 Palatinum
276 2061 336 2107 inter
352 2067 377 2107 et
393 2061 533 2107 Aventinum
553 2060 730 2116 montemnis
761 2060 804 2108 lec.

127 2123 207 2170 stadia
215 2132 238 2168 et
247 2121 347 2180 nnrpliirs
356 2123 461 2183 longum,
470 2128 571 2182 quatuor
580 2121 730 2184 verbjugera
792 2121 914 2182 Echinus]
938 2119 975 2166 De
994 2121 1064 2194 huius
1084 2120 1278 2180 interpretatione
1296 2124 1361 2172 vocis

126 2186 209 2231 latum.
226 2185 325 2246 Dionys.
338 2185 415 2231 Helie.
425 2183 466 2230 lib.
477 2185 508 2230 iii.
535 2185 603 2230 Alex.
619 2184 729 2232 abhlex.
761 2186 838 2232 adhuc
858 2183 998 2244 subjudice
1017 2185 1046 2230 lis
1065 2192 1107 2230 est.
1138 2185 1240 2236 Quidam
1259 2185 1361 2232 salinum

126 2247 167 2293 lib.
179 2248 209 2293 iv.
220 2261 273 2306 cap.
283 2249 322 2294 2⁶.
342 2246 475 2303 Pollucem
492 2247 533 2296 ubi
543 2247 656 2307 sortilegi,
667 2261 728 2292 som·
759 2245 838 2294 echini
857 2245 943 2292 marini
962 2246 1033 2303 piscis
1052 2247 1152 2292 lornram
1170 2247 1259 2293 habens
1276 2247 1361 2294 intelli-

126 2309 221 2355 niorum
233 2311 383 2369 interpreter,
398 2309 519 2368 astrologi,
534 2309 694 2362 circulatores,
705 2317 729 2354 et
760 2318 819 2371 grurt
827 2323 833 2365 ;
851 2308 893 2353 ulii
908 2308 1038 2366 ampullam
1054 2317 1170 2354 scorteum
1185 2316 1226 2354 aut
1244 2309 1361 2367 vitream

127 2371 168 2417 alii
182 2371 281 2428 sumum,
304 2378 330 2416 ut
347 2372 421 2426 aiunt,
430 2372 569 2428 vendentem
582 2381 623 2418 aut
631 2371 730 2434 qnaeetris
760 2372 802 2420 alii
809 2371 900 2432 lignum
907 2384 962 2415 cum
971 2369 1062 2416 uncinis
1070 2371 1100 2416 ed
1109 2372 1257 2428 reponendos
1266 2373 1361 2420 calices.

127 2435 199 2482 cnusd
209 2432 359 2490 hariolorum,
371 2442 396 2479 ut
412 2434 446 2480 nit
453 2433 512 2480 Tull.
527 2433 583 2481 ide
595 2433 673 2479 Dicin.
685 2435 728 2480 sub
760 2435 811 2481 Nec
822 2429 900 2490 inepti
911 2432 1052 2490 quibusdam
1063 2431 1155 2477 videtur
1165 2447 1216 2479 esse
1226 2434 1361 2491 pollubnrm

128 2497 207 2542 linem
227 2496 287 2544 Vide
297 2496 407 2542 Juvenal.
417 2495 465 2543 Sat.
477 2497 508 2541 vi.
519 2497 571 2542 581.
582 2504 606 2542 et
617 2510 666 2554 seq.
759 2511 802 2543 seu
813 2495 959 2548 malluvium,
971 2493 995 2539 id
1012 2502 1057 2551 est,
1072 2508 1114 2540 ves
1125 2494 1232 2542 lavandis
1243 2498 1362 2553 menibus,

163 2557 322 2622 Vesperlinum
327 2557 430 2620 serum]
448 2557 491 2604 Vel
503 2557 566 2616 quid
578 2558 670 2616 vesperi
686 2557 728 2604 mi·
760 2559 821 2606 Gall.
832 2570 866 2606 un
877 2555 953 2604 bassin
964 2553 1053 2604 dieser
1064 2555 1096 2603 les
1106 2554 1199 2610 maim
1215 2571 1243 2603 ac
1260 2559 1362 2616 proinde

128 2627 171 2666 nor
183 2621 315 2680 frequentin
327 2621 350 2666 iu
363 2622 423 2676 loro,
438 2619 510 2680 quim
527 2618 607 2666 mund:
624 2627 728 2679 tuncque
756 2623 839 2683 guillia
850 2621 880 2664 ob
889 2619 972 2665 iisdem
980 2617 1220 2680 explicaturaqualis,
1231 2633 1272 2667 seu
1280 2622 1362 2670 vueod

128 2683 182 2729 illuc
199 2684 342 2730 conveniunt
353 2692 480 2744 nugatores
497 2690 520 2728 et
537 2681 605 2728 otiosi
620 2681 729 2728 homines
761 2681 1032 2744 squameli'underrdsm.

129 2745 498 2804 adconfubulandum,etsiquid
505 2743 559 2792 novi
567 2747 729 2806 spargendum
794 2747 844 2791 118.
862 2744 970 2804 Petere]
988 2743 1025 2790 Ad
1037 2743 1161 2790 libationes
1171 2757 1178 2800 3
1196 2757 1255 2801 quos
1267 2745 1362 2804 quidem

129 2822 157 2854 ec
172 2809 334 2855 ventilandum
343 2822 351 2864 ;
367 2809 405 2854 vel
421 2807 558 2855 ambulandi
576 2805 658 2863 causi,
674 2805 729 2853 edm
760 2807 863 2868 religiosi
872 2815 962 2854 veteres
970 2805 993 2851 in
1002 2805 1077 2864 epulis
1084 2821 1205 2866 nunquam
1214 2806 1362 2856 omittebant.

129 2871 204 2918 sustu
215 2871 319 2930 porticus
332 2871 398 2917 adid
409 2869 547 2917 commode.
760 2871 812 2917 Diis
824 2867 935 2916 nimirum
950 2867 1082 2914 offerebant
1093 2869 1116 2914 in
1127 2867 1210 2926 poterii
1222 2883 1263 2914 seu
1281 2869 1363 2917 vinum

162 2932 211 2978 114.
226 2933 311 2980 Anislo
329 2931 431 2992 uiuitis]
449 2933 534 2992 Apage
550 2932 589 2989 qul
600 2931 730 2990 explicent,
761 2949 803 2980 seu
815 2931 930 2990 primitias
940 2928 1063 2986 ciborum
1080 2939 1152 2989 atque
1162 2931 1198 2976 his
1210 2931 1273 2977 vesci
1284 2933 1362 2993 religi-

130 2996 197 3042 rebus
208 2992 294 3041 divinis
305 3001 330 3041 ct
342 2994 415 3040 sacris
428 2995 554 3049 intersum,
571 2993 618 3038 uno
630 2993 688 3038 nihil
699 2995 730 3039 ad
761 2996 801 3042 oni
810 2995 935 3040 ducebant.
968 2991 1035 3038 Unde
1047 2991 1097 3038 Cic.
1109 2992 1132 3038 ii.
1143 2993 1172 3038 de
1181 2993 1259 3039 Finib.
1285 2993 1362 3056 Atque

130 3070 185 3102 rem.
217 3053 730 3117 Intelligeverb3enimigratilaudiodiri·
761 3055 909 3128 reperiemus,
920 3053 1004 3112 inquit,
1015 3058 1088 3100 asotos
1130 3053 1201 3103 'mum
1209 3054 1362 3104 baroneti-

130 3132 171 3164 nos
182 3124 206 3163 et
217 3118 322 3164 hariolos
333 3119 396 3176 plebi
407 3117 508 3163 incauta
519 3119 591 3163 verbe
601 3118 694 3174 dmtes,
705 3125 731 3164 ut
760 3133 844 3182 grecos,
855 3123 880 3164 ul
891 3116 960 3164 ederit
971 3115 999 3162 de
1006 3116 1083 3179 putell
1100 3154 1107 3164 .

132 3181 155 3225 in
165 3181 237 3234 circo,
246 3181 279 3226 sic
290 3179 364 3226 etiarn
376 3179 400 3225 in
409 3181 467 3224 loro.
797 3181 898 3242 eutem]
917 3178 964 3224 Vas
975 3180 1008 3225 ita
1015 3180 1105 3226 dicrum
1114 3181 1177 3238 quod
1188 3182 1299 3240 guttatim
1311 3183 1362 3230 sun

162 3237 218 3288 lude
228 3239 324 3288 doenum
335 3241 389 3302 um]
405 3241 464 3287 lude
476 3242 572 3287 domum
584 3255 622 3288 me
641 3241 730 3300 recipio
761 3245 803 3290 det
814 3251 837 3288 et
848 3242 989 3288 minutatim.
1021 3239 1098 3288 Varro
1109 3242 1139 3289 iv.
1150 3243 1180 3288 de
1197 3241 1267 3305 Ling.
1283 3243 1360 3292 Latin.

132 3303 729 3364 adcoennmoleribusetloguminssrusconstnntem.
762 3305 820 3352 Gall.
832 3305 871 3351 lib.
884 3305 938 3350 xvii.
954 3319 1007 3364 cap.
1019 3305 1041 3350 8.
1058 3302 1101 3350 ire.
1132 3303 1187 3351 Non
1198 3305 1361 3366 absurdequi·

164 3365 213 3412 tio.
229 3364 339 3414 hedeni.
371 3365 410 3412 Sic
421 3367 500 3425 placet
518 3367 612 3427 legere;
632 3381 688 3423 non,
704 3375 730 3413 ut
761 3369 815 3414 darn
834 3368 915 3414 volunt
933 3375 1027 3428 guttum
1046 3367 1112 3412 illum
1128 3368 1296 3415 aduneturnm
1312 3371 1362 3417 sive

133 3427 169 3474 alii
179 3425 271 3488 lugani,
361 3428 457 3488 quidem
473 3429 588 3488 placentie
604 3443 687 3489 genus,
705 3439 729 3476 et
760 3431 896 3477 unctionem
907 3429 1029 3488 epularem
1041 3428 1161 3486 adfuisse;
1178 3429 1202 3477 id
1213 3439 1255 3486 est,
1272 3433 1362 3478 adele-

131 3490 161 3538 ad
178 3491 274 3538 delicies
286 3491 489 3552 magispertinet;
504 3500 529 3536 nt
547 3491 641 3537 Horatii
661 3506 728 3537 mens
760 3507 809 3550 um,
828 3500 930 3548 acetum,
949 3491 1096 3550 similemque
1108 3491 1231 3552 liquorem,
1243 3501 1284 3540 eut
1296 3493 1361 3542 eliud

133 3553 420 3612 etsensusinnuitpotiils
435 3553 570 3600 laebanum.
604 3554 665 3600 Nam
683 3553 728 3600 λα’-
760 3555 936 3602 condimentum
945 3552 1325 3616 quodlibetpntinisirrorondum,
1334 3565 1361 3606 ut
1411 3563 1413 3565 ’

132 3615 729 3680 parabolus,relbelnhtticis,pertineta‹lcoenam
760 3618 863 3676 loquitur
881 3615 984 3672 Persius,
1005 3615 1084 3662 Sotira
1103 3617 1133 3664 vi.
1167 3617 1239 3664 Suum
1256 3619 1312 3665 verd
1328 3621 1361 3668 sit

133 3679 222 3725 lachem
238 3687 261 3724 et
271 3679 411 3737 parabilem,
422 3679 544 3740 magisque
555 3693 610 3724 cum
616 3693 688 3742 perro
705 3688 730 3728 et
760 3681 844 3740 cuique
851 3679 977 3740 judicium,
988 3693 1033 3738 ego
1045 3679 1123 3725 dicum
1133 3681 1196 3738 quod
1207 3683 1297 3739 sentlo;
1309 3697 1360 3728 mo·

133 3741 325 3790 eicerecouvanit.
761 3740 916 3800 retmequbd
924 3739 1152 3802 Poetajungntcum
1161 3744 1360 3806 μαινὰς-μηκας

163 3803 212 3850 116.
225 3801 387 3864 lupisdbm]
399 3801 518 3850 Describit
526 3811 669 3862 apparatum
680 3820 728 3851 nou
760 3803 840 3863 sicque
852 3804 944 3851 ridetur
955 3801 1060 3850 indicere
1075 3813 1175 3866 guttum,
1193 3806 1290 3853 libando
1304 3806 1359 3854 vino
1402 3861 1406 3868 1

134 3877 203 3913 cena
214 3865 285 3910 modb
301 3879 387 3914 sumac
403 3864 556 3922 cibariorum,
568 3865 610 3912 sed
624 3875 648 3912 et
659 3867 728 3914 abaci
760 3867 911 3913 destinatum.
941 3865 1058 3917 Quocirca
1068 3865 1148 3913 malim
1161 3868 1267 3916 schinum
1286 3869 1360 3928 supri

134 3928 719 4052 enparppqpbngepstrpppqqopubpiapidmm
759 3927 1359 4053 idildlrrprdrillldvidhirnuiilulldlladtugllrllliusqldddqlraid’

136 4065 203 4108 more,
214 4065 266 4110 que
278 4049 395 4112 Delphice
404 4053 534 4108 dicebatur,
545 4060 597 4100 erat
611 4067 655 4112 pro
671 4055 727 4101 aba·
759 4069 831 4113 quarn
840 4055 870 4099 sit
877 4021 1072 4112 manumissurus
1080 4025 1167 4114 aqisam
1176 4052 1299 4102 abluendis
1308 4069 1358 4102 ma·

135 4129 170 4162 eo:
181 4113 249 4172 ,uult
261 4111 339 4176 buffet.
759 4117 827 4163 nibus
839 4117 969 4162 affundens.

163 4175 211 4224 117.
229 4176 319 4224 Pocula
336 4175 402 4238 duo]
426 4179 530 4223 Alterum
551 4175 606 4234 riui,
625 4177 727 4224 alterurn
792 4179 914 4242 Campana
931 4176 1055 4240 supellec]
1072 4177 1122 4226 lita
1141 4177 1213 4238 porri
1227 4191 1285 4223 vasa
1299 4179 1358 4226 ficti·

136 4253 208 4298 sque,
228 4247 299 4296 etque
314 4239 348 4284 ita
364 4239 420 4286 bina
428 4255 520 4300 semper
531 4239 628 4300 singulis
648 4242 726 4287 convi-
757 4242 789 4288 lia
801 4251 855 4288 sunt
866 4255 896 4287 ex
907 4239 935 4287 iis
951 4255 1003 4300 quse
1014 4241 1038 4287 in
1050 4239 1184 4300 Campnnii
1199 4241 1259 4285 liunt
1274 4253 1304 4286 ex
1320 4255 1358 4287 ar·

135 4300 172 4348 viis
183 4304 338 4360 ponebantur.
757 4305 821 4366 gillis.

164 4363 221 4410 Cum
231 4363 331 4425 cyatho]
348 4363 400 4418 Quo
416 4365 511 4411 vasculo
522 4363 631 4410 haustum
648 4381 678 4412 ex
689 4381 727 4412 nr·
790 4367 841 4414 120.
860 4363 985 4412 Obeundue
1003 4363 1117 4423 Merme]
1136 4362 1190 4408 Sive
1205 4364 1235 4409 nd
1253 4365 1358 4413 radimo·

136 4425 166 4472 nis
177 4427 254 4473 vinnm
272 4427 312 4474 adt
329 4441 391 4486 aqua
410 4427 433 4473 in
450 4426 537 4486 pocula
552 4427 727 4484 infundebatur,
758 4429 832 4485 nium,
843 4443 886 4475 nec
898 4428 960 4474 enim
973 4427 1065 4486 litigare
1077 4437 1152 4478 ave03
1163 4427 1211 4470 slve
1223 4428 1253 4472 ad
1265 4442 1358 4476 sumen·

136 4495 171 4534 aut
188 4489 258 4535 etiam
274 4489 408 4536 diluebatur
427 4505 455 4536 nc
473 4489 622 4536 miscebatur.
659 4493 726 4543 Quod
757 4491 839 4537 demi
856 4491 1009 4536 senatoribus
1026 4484 1160 4544 pecuniam,
1180 4495 1221 4532 aut
1232 4490 1358 4536 solvendas

136 4551 170 4608 qui
187 4551 340 4600 ministerium
359 4555 487 4612 prestabat
508 4547 625 4614 κῦιθιξυν
647 4555 725 4599 dictus
757 4567 857 4610 usuras5
872 4549 1021 4616 namabhis
1028 4547 1153 4592 abhorreo.
1185 4548 1359 4608 lnpnmtton

137 4612 221 4662 Grecis.
253 4615 308 4663 Non
323 4617 467 4664 omittendus
483 4616 598 4680 hicjocus
615 4615 724 4664 Marcelli
755 4607 1149 4675 parteeratprorostrnhlnrsyre
1166 4617 1251 4667 statua,
1271 4612 1359 4657 adliti-

709 4678 769 4740 24*
