3106 4910
501 171 692 238 DACERII
715 171 966 236 PRAEFATIO.
1263 181 1325 241 303

77 335 155 384 tate
172 343 216 384 ret
232 320 344 384 Satura
358 317 527 382 uocabatur.
556 319 651 404 Cujus
661 319 781 404 generis
794 319 927 382 lancium
943 329 971 381 et
987 317 1137 404 Virgilian
1148 321 1181 383 in
1196 319 1325 406 Georgi-

77 408 131 468 cis
148 406 291 483 meminit,
307 405 370 467 clm
381 404 436 468 boe
450 403 536 465 modo
549 403 630 494 dicit,
1222 403 1226 416 '

266 528 419 592 Loncibns
434 538 460 588 et
469 526 740 610 pondiajitmontio
752 525 899 586 reddimus
914 535 990 587 ento.

81 613 137 676 Et
198 638 204 648 1
261 613 499 696 —loncesqne
515 623 541 672 et
555 609 763 693 libaseremas.

81 739 253 821 Deinceps
277 739 317 800 ad
341 738 402 799 alia
424 730 847 798 miscellaneatranslata'es't.
889 731 970 798 Fest.
989 734 1094 796 Sotira
1109 735 1270 821 sibigenus
1293 759 1327 799 eu

84 824 190 885 variis
205 823 289 892 rebus
305 822 460 884 conditum.
502 819 651 900 Migravit
664 820 735 880 inde
750 820 788 880 ad
803 840 849 894 ea,
865 839 935 900 quae
950 821 1058 880 mentis
1073 834 1103 881 et
1114 821 1229 902 ingenii
1242 835 1309 883 sunt
1318 843 1327 900 ;

86 929 168 968 nam
193 905 273 991 leges
298 905 424 967 Saturae
448 903 668 985 nuncupirunt,
689 925 759 984 quae
782 903 871 985 plura
895 905 1006 986 capita,
1026 919 1079 966 aut
1102 904 1202 987 plures
1225 905 1327 967 titulos

87 992 398 1074 complectebantnr,
411 1002 444 1053 ut
465 987 558 1077 legem
579 985 866 1075 JnliomlPopiam,
884 985 1058 1070 Popprrom,
1078 1009 1148 1070 quae
1171 990 1328 1051 dicebatur

88 1073 240 1151 miscello,
267 1066 347 1155 quod
362 1075 440 1133 idern
449 1074 508 1148 est,
525 1090 560 1133 ac
578 1071 693 1133 Satura
702 1093 715 1144 ,·
730 1073 809 1131 unde
825 1071 961 1153 prosecta
975 1085 1019 1132 est
1032 1088 1061 1132 et
1073 1073 1126 1134 illa
1138 1073 1252 1135 locutio
1270 1096 1328 1156 per

92 1159 243 1222 Saturam
255 1155 443 1242 legemferre,
459 1157 528 1218 crim
544 1177 606 1216 non
622 1156 737 1236 rogatis
752 1176 790 1214 ex
804 1155 909 1214 ordine
922 1153 1130 1231 Senatoribus,
1143 1179 1204 1217 non
1217 1157 1328 1220 collec-

89 1243 142 1320 tis,
167 1265 223 1304 nec
236 1243 430 1303 dinumeratis
443 1239 610 1315 sententiis,
621 1260 726 1303 omnes
732 1238 827 1301 simul
840 1251 870 1300 et
880 1237 1052 1319 promiscue
1066 1242 1241 1302 sententiam
1255 1242 1330 1301 sere-

89 1331 181 1404 bant,
195 1327 275 1408 quod
285 1325 409 1409 proprie
425 1325 584 1386 dicebatur
596 1344 650 1405 per
664 1321 806 1384 Saturam
821 1322 977 1382 sententias
992 1321 1153 1404 exquirere,
1167 1345 1227 1404 quo
1238 1325 1330 1384 modo
1397 1357 1401 1368 ·

89 1425 165 1495 post
182 1411 312 1472 Laelium
328 1410 447 1474 locutus
461 1422 506 1470 est
521 1407 692 1468 Sallustius.
714 1405 824 1487 Neque
839 1407 887 1466 bic
903 1405 1119 1484 constiterunt3
1134 1407 1224 1468 etiam
1240 1405 1330 1469 libros

90 1497 244 1577 quosdam
270 1494 327 1556 hac
343 1515 384 1576 ap
407 1492 549 1557 allatione
564 1491 794 1571 insigniverunt,
810 1503 843 1552 ut
856 1489 1042 1552 Pescennius
1056 1489 1173 1567 Festus,
1189 1493 1240 1574 qui
1254 1490 1330 1553 Hir·

90 1581 189 1642 torios
207 1579 336 1640 Sotnros
351 1515 404 1637 vel
413 1597 467 1658 per
484 1573 625 1638 Saturam
640 1575 727 1638 nobis
743 1575 835 1637 dedit.

137 1663 194 1729 Ex
216 1663 263 1724 his
279 1661 420 1722 omnibus
435 1659 582 1742 exemplis
606 1658 687 1720 facili
708 1660 775 1740 quis
790 1659 913 1740 negotio
929 1659 986 1719 sibi
1001 1660 1193 1742 persuadebit
1207 1658 1328 1722 Horatii

94 1769 194 1830 opera
217 1747 289 1808 binc
313 1744 440 1807 traxisse
461 1763 582 1819 namen,
599 1741 774 1827 Satirasqne
799 1743 975 1826 appellatas,
991 1744 1072 1824 qubd
1087 1743 1184 1805 moltis
1199 1755 1226 1804 et
1240 1746 1329 1807 uariis
1371 1783 1373 1788 ·

94 1829 184 1894 rebus
199 1829 253 1892 boc
268 1849 382 1890 carmen
397 1827 534 1911 refertum
548 1837 627 1904 esset,
640 1828 795 1908 quomodo
808 1827 882 1888 dicit
895 1826 1080 1910 Porphyrio.
1103 1829 1196 1908 Quod
1209 1830 1329 1909 qrridem

94 1929 240 1998 exparte
255 1934 359 1974 verum
375 1926 436 1974 est:
452 1933 527 1974 cave
537 1913 619 1974 enim
633 1925 728 1994 puteS,
741 1933 847 1976 vocem
860 1911 951 1972 nullis
961 1913 1215 1972 intercedentibus
1227 1914 1330 1993 gradi-

96 2002 168 2076 bus,
178 1999 233 2080 ,qui
248 1997 405 2060 transitum
421 1999 601 2080 praeberent,
613 1997 713 2060 statim
727 1998 785 2058 buc
798 1997 959 2058 deductam
972 2017 979 2055 ε
994 1996 1059 2076 ejus
1070 1997 1265 2078 migrationes
1277 2018 1331 2058 an-

96 2084 244 2166 tiquiores
259 2097 346 2144 eraut
359 2081 392 2142 in
407 2081 482 2146 alies
497 2102 553 2156 res,
567 2103 640 2162 quas
656 2081 855 2164 propinquius
868 2079 994 2141 Horatii
1008 2079 1161 2141 Sermones
1173 2082 1331 2160 continge-

97 2183 175 2231 rent.
221 2169 274 2248 Ad
297 2187 388 2247 qnam
404 2187 465 2228 rem
482 2166 696 2248 explicandam
717 2167 783 2246 jam
799 2165 999 2245 accingimur,
1015 2185 1082 2225 eum
1097 2166 1225 2225 secuturi
1249 2167 1331 2226 ordi-

100 2275 180 2330 nem,
197 2253 249 2334 qui
264 2252 326 2334 ipsi¹
336 2250 523 2314 Casaubono
538 2252 569 2312 in
584 2263 714 2312 mentem
730 2271 791 2312 non
807 2250 925 2310 videtur
940 2249 1076 2324 venisse3
1092 2251 1204 2332 quippe
1217 2269 1279 2310 rem
1295 2252 1331 2312 eir

101 2337 168 2398 luce
192 2335 356 2420 perfundit,
371 2349 404 2396 ut
427 2333 517 2396 nulla
535 2335 665 2418 amplius
689 2334 831 2416 cuiquam
856 2333 1043 2414 relinquatur
1067 2333 1107 2394 ad
1130 2333 1329 2396 dubitandum

101 2422 238 2484 materia.
286 2480 290 2489 ,
487 2437 489 2448 ·

143 2505 278 2568 Romani
293 2506 361 2566 crim
378 2505 616 2586 quadringentos
631 2503 750 2566 circiter
765 2524 862 2566 annos
878 2502 1023 2564 Scenicos
1038 2501 1124 2564 ludos
1147 2503 1330 2582 ignorarent,

102 2611 171 2652 casu
187 2592 258 2650 dum
274 2590 337 2652 dies
352 2589 441 2650 festos
457 2611 511 2672 per
525 2589 677 2652 licentiam
693 2602 723 2650 et
737 2588 892 2650 lasciviam
908 2589 1070 2668 agitarent,
1086 2588 1116 2648 in
1141 2587 1253 2648 Versus
1274 2589 1332 2649 Sa-

102 2675 216 2736 turnios
230 2688 260 2736 et
271 2672 299 2736 F
300 2675 477 2736 escenninos
493 2675 674 2749 inciderunt,
689 2673 741 2754 qui
756 2692 863 2756 postea
874 2673 907 2733 in
923 2672 1028 2733 Scenis
1041 2693 1095 2755 per
1109 2685 1228 2734 centnm
1244 2686 1274 2734 et
1286 2674 1332 2733 ri·

104 2759 178 2840 ginti
195 2758 370 2828 teneamus
385 2757 485 2820 locum
502 2780 588 2820 suum
604 2758 693 2820 tutati
708 2773 787 2820 sunt.
1041 2781 1042 2784 ¹

144 2841 278 2904 Fuerunt
293 2842 339 2906 isti
356 2841 470 2904 Versus
485 2842 615 2924 impoliti
629 2855 659 2904 et
671 2841 780 2924 parium
794 2840 957 2916 numerosi,
973 2854 1076 2922 utpote
1091 2842 1249 2918 subitanei,
1265 2855 1294 2903 et
1315 2844 1333 2902 a

105 2927 215 3009 populo
230 2926 288 2988 fusi
304 2927 403 2988 adbuc
418 2927 486 2987 rudi
501 2942 531 2987 et
545 2926 667 3007 agresti,
684 2925 795 3006 quique
819 2946 881 2985 non
905 2925 996 2986 alium
1021 2926 1197 3006 magistrum
1221 2943 1332 3003 nosset,

107 3009 192 3092 (roim
208 3009 351 3072 Cererem
366 3023 395 3070 et
409 3008 580 3070 Bacchum.
624 3008 697 3072 Hoc
712 3029 808 3090 genus
823 3009 1148 3092 carminisimplebant
1163 3012 1332 3072 cavillatio·

107 3117 156 3156 nes
169 3109 199 3154 et
213 3093 381 3175 opprobria
398 3093 519 3168 rustica,
535 3093 678 3157 adhibitis
698 3091 987 3158 Gesticulationibus
1005 3108 1035 3156 et
1053 3095 1273 3156 Saltationibus
1293 3097 1333 3156 ri-

109 3178 220 3240 diculis.
263 3176 343 3238 Rem
360 3176 519 3258 intelliges,
535 3177 560 3240 si
574 3179 614 3240 ob
630 3177 734 3240 oculos
749 3178 804 3240 tibi
816 3199 969 3262 proponas
984 3180 1082 3241 bonos
1097 3180 1135 3240 de
1146 3201 1229 3261 pago
1252 3181 1339 3242 viros

110 3262 282 3324 rusticorum
298 3265 382 3324 more'
396 3259 549 3338 saltantes,
565 3282 628 3324 sese
643 3261 748 3324 mutuo
763 3264 1008 3346 extemporaneis
1019 3265 1165 3324 conviciis
1184 3266 1332 3328 insectan-

110 3362 160 3422 tes,
173 3367 267 3426 eaque
283 3345 312 3406 in
329 3346 409 3406 vices
424 3348 638 3428 exprobantes,
654 3368 781 3428 quorum
797 3347 874 3409 alius
890 3347 941 3408 alii
956 3347 1072 3409 conscii
1086 3364 1163 3409 sunt.
1207 3347 1276 3412 Hoc
1288 3366 1332 3412 est

111 3432 190 3514 quod
204 3428 352 3492 Horatius
368 3429 442 3492 dicit
456 3429 555 3512 Epist.
574 3437 601 3492 l.
617 3431 670 3494 lib.
686 3431 717 3494 ii.
727 3451 755 3492 v.
775 3436 861 3494 les·
1394 3427 1395 3430 ’

271 3551 454 3616 Fescennino
463 3575 522 3636 per
536 3553 612 3618 tnnc
626 3555 744 3618 inuento
758 3553 877 3616 licentio
891 3549 998 3616 morem

277 3636 419 3699 Versibus
431 3635 553 3700 alternis
567 3639 729 3723 opprobrio
742 3638 853 3701 rustico
869 3638 964 3722 fudit.

114 3761 259 3825 lnsrenam
275 3761 352 3824 banc
368 3774 397 3822 et
410 3761 606 3844 impotentem
621 3763 774 3826 licentiam
790 3763 909 3846 excepit
922 3785 984 3826 non
998 3765 1042 3826 ita
1055 3766 1149 3829 multd
1164 3768 1232 3852 pbst
1254 3772 1331 3834 alius

116 3845 225 3927 generis
247 3865 380 3920 carmen,
400 3846 575 3926 castigatius
598 3847 720 3927 quidem
744 3846 830 3924 illud,
849 3849 901 3910 sed
925 3848 1064 3911 reserarm
1087 3853 1176 3914 etiam
1200 3855 1332 3917 dicteriis

116 3929 341 3992 admovendum
355 3929 443 3991 risum
456 3931 650 4012 comparatis,
664 3931 746 4011 quod
759 3943 859 3996 tamen
871 3932 947 3994 nihil
959 3935 1151 4016 turpitudinis
1163 3939 1317 4000 admiserit
1322 3962 1331 4016 ;

116 4011 276 4096 comparuit
290 4013 349 4072 hoc
360 4031 482 4074 carmen
495 4017 549 4094 sub
563 4013 675 4076 Satirae
687 4014 809 4076 nomine
822 4017 862 4078 ob
874 4018 1047 4080 varietatem
1061 4041 1146 4083 snam
1160 4045 1169 4082 ε
1183 4043 1253 4102 quae
1266 4023 1331 4101 qui·

116 4098 174 4158 dem
187 4095 289 4158 Satira
304 4109 400 4158 certos
415 4095 520 4158 babuit
534 4099 644 4174 modos,
660 4099 680 4160 i.
693 4121 722 4160 e.
744 4101 890 4162 musicum
913 4115 943 4162 et
965 4121 1182 4184 congruentem
1206 4121 1331 4179 motum,

116 4180 245 4260 relegatis
259 4180 392 4260 gestibus
404 4180 502 4240 minus
513 4182 653 4245 honestis.
677 4179 768 4246 Titus
782 4183 897 4260 Livius,
910 4185 962 4248 lib.
978 4187 1029 4247 vii.
1045 4208 1114 4270 cap.
1128 4192 1158 4246 2.
1177 4186 1333 4248 Vernacu-

116 4265 148 4326 lis
161 4263 326 4346 artificibus,
342 4262 414 4346 quin
428 4261 532 4326 Hister
550 4264 645 4328 Teneo
661 4265 746 4330 uerbo
762 4267 864 4330 Ludio
878 4268 1046 4345 nocebatur,
1062 4291 1165 4332 nomen
1180 4269 1333 4334 histrioni·

116 4351 164 4408 bus
180 4347 313 4423 inditum,
328 4346 381 4430 qni
393 4367 464 4423 non,
479 4347 553 4427 sient
567 4360 643 4425 onte,
658 4348 839 4416 Fescennino
863 4373 947 4414 uersu
968 4352 1090 4414 similem
1112 4353 1206 4411 incom
1228 4352 1333 4418 oeitum

19 4467 21 4492 r
117 4431 206 4492 teneri
229 4454 264 4492 oe
286 4431 387 4492 rudem
402 4429 524 4494 alternis
539 4431 701 4514 jaciebant,
716 4430 767 4498 sed
780 4435 914 4531 impletas
928 4435 1022 4496 modis
1037 4434 1173 4508 Saturae,
1188 4373 1332 4522 rsismpto

113 4514 168 4597 jon
181 4515 220 4578 od
234 4513 377 4578 tibicinem
393 4527 490 4592 conto,
505 4525 641 4601 motoque
655 4529 831 4604 congruant
849 4517 1045 4603 peragebant.
1074 4515 1147 4576 Non
1171 4515 1334 4582 abludebat
