3106 4910
210 179 272 240 ³04
593 165 782 234 DACERll
804 165 1057 235 PRAEFATIO.

211 321 277 381 hoec
293 317 396 380 Satira
411 317 429 380 i
443 316 550 380 nostris
565 314 677 380 Furcas
691 314 931 398 pudentioribus,
947 315 999 374 ubi
1014 313 1185 396 promiscue
1209 327 1239 378 et
1255 315 1461 399 Spectatori-

211 406 265 465 bus
280 417 309 464 et
320 400 483 462 Actoribus
495 399 625 462 Scenico
641 399 702 460 sale
713 399 939 460 defricabantur
952 399 1107 459 auriculae.

251 487 352 568 Atque
368 487 410 548 itu
425 507 455 546 se.
470 485 602 546 habebat
615 505 661 546 res
676 482 828 560 Scenica3
851 483 920 544 ctim
936 481 1042 545 [auius
1056 481 1246 547 Andronicus
1266 485 1306 546 ad
1334 484 1460 546 Como-

130 576 134 585 '
210 571 274 634 clius
289 581 315 632 et
334 569 379 632 Tr
423 568 512 631 adius
528 569 567 630 ad
582 567 762 630 Graeconrm
778 566 977 630 imitationem
992 567 1225 628 conscribendas
1240 569 1364 650 primus
1386 571 1459 631 ani-

210 677 292 716 mum
316 592 452 738 appiidt:
476 673 545 735 quae
565 653 634 713 citro
650 665 726 713 esset
740 651 904 713 oblectatio
920 663 948 711 et
962 649 1118 727 liberalior
1131 665 1162 711 et
1176 652 1361 728 absolutior,
1378 675 1455 715 mox

210 741 268 801 huc
284 739 416 820 tmdique
431 737 606 800 catervatim
622 757 802 798 concursum
818 749 871 811 est,
888 734 1027 815 neglecta
1039 736 1078 796 ad
1091 747 1208 818 tempus
1223 734 1343 812 Satirri,
1358 760 1456 818 quarn
1539 750 1540 759 ¹

211 837 311 886 tamen
325 823 418 906 paulo
433 836 501 905 pust
516 843 547 882 re
569 821 726 882 rehensam
743 836 829 882 erant
843 820 895 900 qui
911 819 1081 880 Comoediis
1090 822 1155 901 jam
1171 821 1303 902 peractis
1315 843 1385 884 non
1397 826 1455 883 ab·

209 909 301 970 stude
317 910 528 969 subnecterem
544 843 640 990 &uod
657 903 740 966 Galli
752 905 783 966 in
799 904 860 965 suis
875 902 986 966 Furcas
1003 904 1155 985 hodieque
1168 903 1299 989 faciunt)
1315 907 1453 967 Attolla-

211 994 256 1054 nis
279 993 371 1068 certe,
387 1004 503 1052 mutato
527 1005 590 1052 tum
612 989 744 1072 primum
770 988 948 1070 Satyrorum
972 989 1094 1050 nomine
1117 988 1148 1048 in
1164 986 1300 1066 Eraclia,
1316 993 1404 1072 quod
1418 994 1450 1052 in

208 1091 360 1160 posterum
378 1076 496 1136 mansit.
1520 1138 1541 1154 ,ἵ

251 1162 352 1244 Atque
366 1161 432 1222 lraec
448 1159 504 1220 suit
519 1159 617 1241 prim'a
632 1169 661 1218 et
676 1157 884 1238 antiquissima
897 1155 1052 1218 Romanae
1067 1152 1178 1218 Satirae
1191 1157 1299 1219 forma
1346 1157 1449 1222 Erant
1540 1155 1541 1170 ¹

210 1246 332 1328 quidem
356 1245 426 1306 duae
451 1243 530 1322 aliae,
547 1263 720 1326 quanquam
746 1243 764 1302 a
787 1241 885 1323 prima
908 1239 1035 1302 multum
1059 1241 1282 1323 discrepabant,
1300 1245 1329 1303 ei
1345 1257 1447 1304 tamen
1522 1292 1529 1323 ,

210 1331 295 1414 quasi
319 1343 418 1392 citatae
441 1329 619 1410 suffragines
640 1340 738 1387 ortum
755 1347 841 1388 suum
857 1325 1045 1404 reserebant3
1061 1325 1143 1408 quod
1159 1347 1249 1406 quam
1265 1325 1446 1389 brevissime

209 1430 326 1498 potero,
335 1417 402 1496 jam
416 1415 628 1475 confirmatum
642 1412 733 1473 dabo
1027 1429 1030 1439 ·

251 1497 324 1560 Uno
348 1519 428 1560 anno
453 1512 613 1579 postquam
637 1493 742 1557 Livius
758 1494 871 1578 primas
886 1493 1016 1556 dedisset
1030 1492 1157 1570 fabulas,
1175 1511 1260 1556 natus
1276 1509 1322 1556 est
1338 1497 1370 1558 in
1385 1495 1446 1559 Ita·

99 1575 102 1582 ’
209 1583 251 1644 lia
265 1581 403 1644 Ennius:
420 1581 471 1662 qui
487 1603 555 1641 cum
571 1580 761 1655 adolevisset,
777 1594 806 1640 et
821 1577 996 1660 diligentius
1011 1575 1240 1656 considerasset,
1256 1595 1446 1664 quantopere

210 1667 381 1746 hujusmodi
398 1663 506 1725 Satiris
518 1665 717 1726 delectaretur
732 1663 882 1747 populus;
898 1663 979 1724 recte
995 1676 1025 1724 et
1039 1663 1069 1723 id
1095 1663 1179 1738 vidit,
1194 1663 1361 1741 Poemata,
1377 1690 1445 1748 qua
1541 1663 1542 1692 l

209 1751 282 1812 licet
295 1749 434 1811 Theatro
450 1771 510 1811 non
527 1750 755 1825 destinarentur,
772 1747 899 1810 suffusos
914 1748 982 1809 felle
998 1745 1074 1810 sales
1090 1761 1118 1808 et
1132 1747 1257 1810 dicteria
1272 1747 1445 1812 Satirarum

209 1835 368 1898 mordacia
383 1848 596 1896 conservarent
610 1847 722 1911 tamen,
737 1855 800 1896 non
814 1855 901 1916 posse
915 1855 976 1895 non
991 1833 1111 1916 placere
1126 1833 1261 1916 populo;
1276 1835 1445 1916 periculum
1527 1846 1530 1855 ⁴

211 1921 281 1982 seuit
296 1935 385 2003 atque
397 1919 492 1982 edidit
509 1919 662 1981 Sermottes
678 1940 753 2000 quos
768 1917 886 1980 Satiras
901 1931 1020 1979 servato
1033 1918 1157 1998 antiquo
1171 1919 1293 1980 nomine
1308 1919 1447 2004 appella·
1529 1966 1543 1986 ·.

210 2007 263 2067 rit.
307 2003 406 2067 Erant
421 2002 451 2065 bi
465 2004 627 2066 Sermones
642 2001 830 2079 Horatianis,
846 2003 927 2085 quod
944 2003 983 2065 ad
999 2016 1209 2083 argumentum
1223 2016 1253 2064 et
1265 2005 1447 2066 varietatem
1527 2021 1543 2074 r}

210 2112 320 2166 rerum,
335 2112 389 2173 per
402 2090 505 2151 omnia
517 2088 646 2150 similes:
661 2085 815 2171 Excepto,
828 2087 909 2170 qubd
922 2085 1041 2149 Ennius
1057 2087 1096 2148 ad
1109 2089 1300 2168 quorundam
1317 2089 1447 2150 Graeco·

212 2196 287 2252 rum,
301 2175 394 2256 ipsius
409 2173 499 2234 etiam
513 2171 641 2236 Homeri
654 2173 835 2256 exemplum,
849 2173 879 2234 id
893 2173 950 2234 sibi
959 2173 1038 2253 juris
1051 2173 1219 2255 sumpserit,
1231 2187 1264 2234 ut
1275 2173 1367 2256 plura
1380 2196 1447 2235 car-

211 2260 325 2320 minum
341 2279 463 2340 genera‚
479 2259 611 2319 consttsis
633 2256 995 2334 Heuametn's,1ambicis,
1014 2255 1180 2333 Trinacria,
1196 2270 1224 2318 et
1242 2255 1447 2334 Temnaubis,

215 2341 389 2404 'I'roclmic'is
404 2344 620 2420 commisceret,
635 2355 667 2403 ut
679 2365 717 2403 ex
730 2341 906 2424 fragmentis
922 2363 991 2424 quae
1006 2354 1174 2424 supersunt,
1191 2343 1263 2404 satis
1277 2341 1382 2423 liquet

228 2479 239 2496 ,
252 2425 371 2488 Videtis
386 2425 647 2488 Tetranretrorum
670 2426 841 2572 exemplum
861 2428 900 2486 ab
915 2427 997 2487 Aulo
1014 2423 1115 2488 Gellio
1130 2441 1352 2504 conservatum,
1378 2427 1447 2508 dig-

212 2533 283 2574 num
298 2513 383 2590 san'c,
399 2513 481 2594 quod
497 2513 537 2574 ob
552 2512 696 2573 eximiam
713 2509 966 2594 puchritudinem
983 2510 1032 2572 bic
1048 2522 1221 2594 reponatur.

378 2633 448 2699 Hoc
462 2636 517 2700 erit
532 2635 586 2699 tibi
600 2647 805 2721 argumetum
819 2658 931 2721 sempor
944 2637 976 2700 iu
985 2645 1128 2722 promptu
1140 2638 1238 2713 utum,

376 2721 418 2783 Ν
415 2723 504 2808 equid
518 2733 645 2807 aspectas
661 2722 779 2800 amicus,
795 2721 875 2808 quod
889 2723 947 2784 rute
962 2744 1052 2807 agere
1061 2723 1168 2806 possis.

253 2847 526 2947 Annumeraverim
543 2868 635 2932 porro
659 2845 756 2911 Ennii
774 2847 883 2909 Satiris
900 2848 1025 2910 alteram
1038 2847 1121 2910 illam
1138 2848 1266 2931 speciem
1282 2842 1447 2926 Versuurn,

212 2953 262 3079 qut
279 2931 315 2992 etl
329 2945 397 2992 sunt
411 2946 577 3008 venustate,
592 2933 628 2993 eb
642 2931 803 3014 elegantiis,
819 2947 852 2994 ut
867 2934 1000 2994 seculum
1015 2932 1109 3014 longe
1122 2955 1263 3018 superare
1274 2931 1446 2997 videantur.

245 3039 292 3079 em
307 3037 368 3080 non
384 3017 535 3098 ingratam
551 3017 660 3094 secero,
674 3018 697 3078 si
713 3015 852 3079 Lectoris
868 3019 963 3080 oculis
976 3019 1149 3101 subjecero:

378 3142 455 3205 Non
469 3142 562 3205 babeo
578 3142 702 3226 denique
716 3142 806 3206 nauci
819 3141 960 3208 Marsum
974 3143 1142 3224 Augurem,
1212 3191 1215 3196 .

378 3227 420 3292 N
418 3249 455 3290 on
467 3228 585 3290 vicanos
598 3227 769 3310 lluupicss,
784 3249 845 3290 nou
859 3227 894 3290 de
915 3226 1004 3290 Circo
1018 3226 1206 3311 Astrologos,

378 3312 457 3375 Nou
469 3311 582 3376 Iuncus
602 3311 798 3396 conjectores,
813 3333 873 3374 acu
887 3311 1065 3394 Interpretes
1078 3310 1241 3376 somniem.-
1279 3366 1283 3374 .

379 3397 421 3462 N
418 3420 456 3460 ou
469 3403 544 3461 enim
557 3410 626 3460 suut
639 3396 673 3472 ii,
687 3406 740 3458 aut
750 3395 882 3472 scientid,
894 3405 947 3458 aut
961 3406 1024 3458 orta
1038 3394 1165 3475 Divini;
1263 3440 1267 3451 .

382 3483 443 3545 Sed
456 3480 651 3566 superstitiosi
661 3491 750 3556 autes,
764 3479 1000 3564 mpudentesque
1012 3479 1133 3556 boriali,

379 3567 444 3630 Aut
458 3569 574 3643 inertes,
586 3576 639 3629 aut
652 3564 762 3641 irtsurti,
777 3575 830 3628 out
843 3563 948 3648 quibus
962 3573 1074 3648 egestu
1085 3564 1230 3648 imperat.-

417 3651 449 3712 ui
462 3651 509 3713 sui
524 3650 650 3735 quastus
665 3648 849 3732 cumdfictas
862 3648 1003 3712 sarcitum
1017 3649 1183 3726 sententias,

417 3735 449 3796 ni
463 3735 519 3812 sibi
532 3735 662 3800 semitam
676 3756 736 3796 aaa
750 3734 879 3818 supiuut,
894 3732 982 3796 alten·
995 3742 1158 3796 motutrout
1171 3736 1258 3808 mous,

437 3817 502 3882 ibus
517 3820 638 3884 diuitias
655 3817 847 3904 polliccatur,
863 3816 899 3881 ab
913 3819 952 3880 is's
967 3817 1135 3880 drachmum
1143 3827 1271 3901 petitum·

417 3925 432 3964 e
447 3902 558 3965 diuitiis
573 3904 719 3968 deducam
734 3902 912 3978 drachmam,
927 3900 1055 3966 reddant
1068 3911 1183 3966 cataro.
1240 3975 1242 3979 .

215 4026 355 4092 Plurima
369 4047 407 4087 ex
422 4026 469 4086 bis
485 4024 593 4088 Satiris
608 4027 773 4110 desumpsit
787 4025 945 4102 Horatius,
957 4037 990 4090 ut
1004 4025 1196 4089 manifestum
1210 4027 1267 4088 erit
1278 4039 1366 4088 notas
1378 4047 1449 4088 nos-

217 4130 277 4176 tras
292 4110 471 4175 consulenti.

259 4199 335 4261 Post
348 4193 484 4258 Ennium
500 4206 582 4258 ortus
605 4193 769 4272 Pacuvius,
785 4194 903 4258 Satires
926 4194 991 4278 ipse
1013 4214 1134 4278 quoque
1157 4194 1220 4258 sive
1245 4194 1450 4272 Avunculum,

217 4284 279 4344 sive
295 4282 395 4342 Atrum
410 4301 448 4341 ex
464 4290 560 4342 matre
574 4277 717 4354 imitatus,
733 4280 861 4362 scripsit.
1409 4279 1412 4285 '

259 4365 359 4426 Natus
371 4377 415 4425 est
429 4363 566 4424 Lucilius
578 4383 615 4424 eo
627 4374 772 4444 tempore,
786 4383 846 4442 quo
859 4363 993 4424 maxime
1006 4363 1133 4425 florebat
1143 4359 1307 4424 Pacuvius.
1352 4359 1449 4424 Com·

218 4448 320 4526 posuit
334 4460 363 4506 et
374 4447 425 4509 illc
441 4447 568 4522 Satiras,
584 4445 636 4506 sed
652 4445 761 4525 quibus
775 4465 885 4507 novam
900 4447 1012 4508 novatis
1023 4445 1174 4508 scribendi
1187 4446 1304 4506 ratione
1316 4445 1448 4524 gratiam

219 4529 404 4605 conciliavit,
421 4545 453 4594 ut
467 4530 519 4613 qui
532 4529 677 4613 Antiquae
693 4529 865 4594 Comoediae
881 4527 1002 4594 Graecae
1023 4531 1226 4594 characterem
1238 4525 1381 4610 proprisit
1394 4549 1448 4593 ox·
