3106 4910
190 279 251 338 308
572 260 762 328 DACERll
784 259 1037 328 PRAEFATIO.

189 426 315 482 conatus
330 412 461 488 illorum,
477 411 521 473 illi
537 411 610 472 mihi
625 411 705 473 viam
722 424 912 494 aperuerunt.
945 410 979 471 Si
995 409 1057 492 qui
1070 407 1102 474 in
1116 429 1148 472 re
1160 429 1220 494 ego
1234 410 1305 472 illos
1327 431 1473 496 super-

190 501 250 578 avi,
266 519 355 562 omne
378 495 453 559 illud
476 510 635 579 acceptum
659 495 756 558 resero
780 496 898 576 magnis
914 496 977 556 istis
1000 516 1039 556 ex
1058 494 1235 577 antiquitate
1250 496 1347 573 viris„
1368 518 1470 576 qum

190 586 306 665 majore
329 603 399 644 curn
423 579 505 656 curi,
529 582 644 661 majore
667 581 749 642 certe
773 581 847 655 otio,
861 577 1118 661 legi,'Homerum
1146 580 1225 656 dico,¹
1248 579 1466 640 Platonem.

190 667 395 743 Aristotelem,
411 663 547 747 aliosque
563 678 623 726 tarn
641 665 778 740 Graecos,
792 665 882 747 quam
907 664 1045 740 Latinae,
1061 683 1137 746 quos
1156 665 1277 726 assidue
1305 679 1402 740 tero,
1423 687 1464 724 nr

192 754 232 816 ad
244 771 348 814 eorum
364 763 481 832 gestum
497 749 655 811 reformem
671 769 781 824 meum,
796 770 961 830 corumque
976 749 1108 812 sontibus
1132 746 1252 831 Ingenii
1267 763 1302 810 et
1314 747 1340 810 J
1342 751 1459 810 udieii

191 838 252 900 mei
275 836 411 898 hortulos
427 835 558 916 irrigem.
672 842 676 851 “

235 921 267 983 N
269 941 309 983 on
324 921 440 996 desunt,
456 921 529 994 scio,
550 919 596 978 his
611 917 796 1001 temporibus
804 919 862 998 ‚qui
886 937 1000 999 magna
1015 917 1069 980 illa
1083 916 1220 980 Nomina
1233 917 1296 978 risu
1313 918 1454 1000 excipi-

192 1021 257 1084 unt,
271 1005 322 1089 qui
337 1003 503 1066 reclamant
516 1003 665 1078 laudibus,
681 1004 790 1084 quibus
805 1023 859 1085 per
873 1004 977 1064 omnia
992 1003 1094 1064 secula
1108 1001 1252 1065 celebrati
1265 1004 1453 1083 ornatique

194 1106 273 1166 sunt,
286 1090 397 1172 quique
411 1087 480 1148 illos
492 1087 623 1170 spoliare
635 1088 728 1148 velint
740 1088 775 1148 iis
788 1085 918 1163 coronis,
932 1108 1007 1169 quas
1019 1101 1104 1149 tanto
1118 1107 1172 1148 suo
1184 1087 1291 1149 merito
1306 1087 1349 1148 de
1365 1085 1450 1148 Tri·

192 1175 357 1238 bunalibus
372 1172 450 1234 aded
465 1173 600 1253 augustis
615 1184 815 1256 reportarunt.
839 1171 881 1233 At
893 1173 933 1248 hi,
949 1171 1022 1232 dum
1045 1173 1140 1234 nimio
1152 1171 1319 1234 efferuntur
1334 1174 1448 1232 studio

195 1279 263 1323 earn
276 1257 429 1320 devitandi
443 1256 684 1332 admirationem,
698 1257 783 1338 cujus
794 1267 885 1316 muter
897 1271 942 1317 est
951 1253 1137 1341 ignorantia,
1149 1255 1364 1339 impmdeutes
1379 1257 1447 1317 dis·

195 1345 309 1407 cedunt
332 1344 371 1405 ab
395 1341 490 1404 altera
501 1340 564 1416 illa,
580 1358 670 1422 quam
693 1340 786 1402 Plato
810 1341 964 1423 nuncupat
986 1351 1107 1402 matrem
1120 1340 1284 1424 sapientire,
1299 1361 1443 1422 quaequc

196 1431 296 1514 prima
311 1427 415 1489 oculos
430 1427 605 1487 hominibus
626 1427 752 1508 aperuit.
803 1424 933 1487 Minime
958 1426 1051 1486 miror
1065 1426 1323 1508 pulchritudinem
1350 1425 1441 1486 illam

197 1513 343 1588 divinam,
359 1532 429 1593 quae
444 1511 524 1594 apud
541 1509 711 1592 Scriptores
726 1510 818 1592 longb
842 1511 1106 1593 praestantissimos
1121 1510 1227 1584 elucet,
1244 1510 1318 1572 istos
1334 1510 1440 1571 bomi-

198 1618 251 1660 nes
274 1617 336 1658 non
360 1616 479 1677 capere,
495 1615 592 1674 neque
614 1595 751 1656 trahere:
775 1613 882 1678 nempe
906 1595 1086 1656 infirmiores
1109 1607 1187 1670 sunt,
1203 1593 1294 1676 quam
1308 1607 1346 1654 ut
1361 1615 1439 1656 ocu·

198 1681 348 1744 luctantis
364 1678 574 1760 splendoribus
589 1678 718 1738 intentos
733 1679 784 1740 diu
800 1693 901 1740 tenere
916 1691 1046 1760 queant:
1063 1701 1100 1741 ne
1115 1680 1215 1743 dicam
1231 1678 1354 1741 facilem
1370 1700 1439 1741 esse

199 1785 262 1829 rem
274 1763 425 1845 Antiquos
439 1778 640 1839 contemnere,
656 1763 840 1824 laboriosum
856 1762 928 1824 verb
941 1764 1119 1846 intelligere.

243 1849 337 1931 Quod
362 1849 401 1910 ad
417 1869 464 1909 me
479 1846 594 1923 attinet,
610 1846 739 1908 Divinos
762 1847 830 1908 illos
845 1846 936 1909 Viros
952 1869 989 1910 cx
1005 1851 1108 1915 animo
1123 1863 1202 1911 totus
1222 1847 1361 1910 admiror·
1382 1869 1438 1908 re·

199 1953 360 2017 nerorque.
404 1932 469 1995 Eos
484 1933 557 1994 mibi
581 1953 698 2015 semper
712 1935 752 1993 ob
767 1933 872 1994 oculos
887 1953 979 2015 pono,
996 1935 1086 2010 velut,
1101 1933 1227 1995 ludices
1240 1934 1390 1994 verendos
1404 1949 1436 1994 et

201 2021 401 2104 incorruptos,
426 2017 507 2101 apud
524 2037 598 2100 quos
621 2017 747 2079 libenter
761 2018 847 2099 tingo
867 2018 1052 2080 reddendam
1068 2017 1142 2082 mihi
1163 2037 1227 2080 esse
1250 2017 1432 2102 scriptorum

200 2125 337 2167 meorum
358 2103 516 2166 rationem.
711 2109 715 2117 ’

242 2187 363 2270 Magni
376 2188 495 2248 interim
510 2187 606 2248 ducor
618 2184 808 2248 Posteritatis
824 2187 1010 2248 reverentiis:
1034 2188 1170 2250 timidior
1185 2189 1275 2269 quam
1292 2189 1432 2249 fidentior

201 2274 315 2354 cogito,
329 2272 418 2354 quale
433 2273 470 2335 de
485 2272 626 2354 operibus
641 2272 724 2346 meis,
740 2273 764 2332 si
780 2274 862 2334 bono
877 2263 932 2334 su'o
948 2271 1009 2334 sato
1022 2293 1059 2335 eo
1074 2273 1230 2356 pervenire
1245 2271 1371 2354 possint,
1379 2273 1430 2353 ju·

201 2358 314 2421 dicium
330 2356 429 2418 latura
440 2356 486 2417 sit.
530 2354 561 2416 N
563 2375 602 2417 on
618 2355 687 2417 ideo
702 2368 803 2418 tamen
815 2357 941 2418 minoris
956 2358 1074 2419 estimo
1088 2358 1195 2419 doctos
1209 2357 1300 2433 viros,
1314 2358 1429 2438 quibo-

201 2442 252 2504 die
265 2441 389 2520 vivunt3
405 2439 490 2504 multi
505 2452 583 2518 sunt,
598 2439 704 2516 fateor,
719 2441 771 2521 qui
787 2441 919 2502 seculum
936 2455 1071 2504 nostrum
1086 2454 1246 2517 exornant,
1263 2443 1313 2524 qui
1328 2443 1429 2526 priora

224 2526 369 2588 otuissent
392 2545 557 2600 exomare3
579 2523 611 2584 in
634 2523 743 2606 quibus
766 2538 868 2586 tamen
891 2545 929 2586 ue
944 2547 1035 2588 uuum
1052 2527 1175 2609 quidem
1197 2525 1280 2602 novi,
1305 2527 1427 2608 quinon

201 2548 331 2672 lionoret
345 2623 374 2672 et
388 2609 470 2672 colat
484 2609 633 2690 antiquos,
649 2609 698 2669 cui
713 2627 774 2670 non
799 2609 878 2671 idern
894 2611 976 2692 quod
992 2609 1051 2672 illis
1067 2610 1175 2693 sapiat,
1190 2622 1243 2672 aut
1257 2610 1307 2692 qui
1326 2631 1424 2672 eorum

199 2708 357 2783 praecepta
371 2715 433 2756 non
447 2695 595 2770 observet,
610 2693 691 2756 unde
705 2706 850 2774 quantum
867 2695 1064 2768 aberraveris,
1079 2707 1196 2757 tantum
1213 2697 1252 2756 ab
1267 2695 1331 2778 ipsd
1342 2709 1424 2758 natu·

201 2780 237 2843 ni
251 2793 281 2842 et
295 2781 421 2842 veritate
444 2779 624 2841 discesseris
667 2777 777 2858 Neque
791 2797 897 2841 verear
911 2779 1103 2854 confirmare,
1118 2801 1180 2841 non
1194 2801 1260 2842 esse
1282 2779 1423 2842 difficilius

202 2866 266 2928 sine
281 2865 348 2927 luce
363 2877 415 2926 aut
428 2863 524 2926 oculis
539 2865 658 2944 objecta
673 2864 852 2947 perspicere,
869 2864 959 2946 quam
975 2864 1104 2926 solidam
1119 2863 1239 2926 laudern
1254 2865 1384 2949 adipisci,
1396 2879 1423 2924 et

201 2950 358 3032 ingenium
373 2948 512 3011 excolere
535 2948 601 3010 aliis
617 2949 794 3024 rationibus,
818 2948 909 3030 quam
933 2970 1008 3030 quas
1030 2947 1134 3012 Graeci
1152 2962 1182 3010 et
1195 2946 1328 3010 Romani
1341 2951 1422 3010 nobis

202 3033 471 3119 praescripserunt:
487 3033 559 3094 Sive
573 3035 654 3095 enim
670 3034 798 3117 propriis
814 3033 910 3094 felicis
924 3033 1039 3114 ingenii
1054 3034 1169 3096 viribus
1184 3032 1293 3109 innixi,
1315 3033 1372 3096 sive
1384 3036 1422 3096 ab

202 3133 267 3183 arte
290 3133 318 3182 et
333 3118 439 3182 studiis
453 3117 599 3193 instructi,
615 3139 719 3180 earum
733 3117 867 3199 vestigiis
883 3119 1070 3180 succedimus
1091 3132 1202 3181 tamen.
1248 3118 1309 3200 Qui
1331 3133 1419 3179 etitem

197 3206 354 3286 Antiquos
368 3206 524 3278 damnant,
539 3201 632 3264 causti
646 3223 708 3265 non
723 3203 857 3284 cognite,
870 3225 932 3266 non
946 3205 1000 3266 abs
1013 3225 1044 3264 re
1059 3205 1125 3281 erit,
1137 3225 1189 3265 eos
1202 3202 1293 3265 semel
1305 3217 1332 3264 et
1342 3203 1419 3264 simul

202 3302 288 3351 tanto
302 3309 404 3353 errore
418 3288 557 3363 liberare,
572 3298 606 3348 ut
619 3286 692 3369 ipsis
707 3287 808 3370 palam
824 3288 888 3364 fiat,
901 3307 942 3364 se,
958 3290 1030 3350 dum
1045 3289 1141 3351 nimio
1164 3289 1195 3349 in
1211 3289 1289 3350 banc
1311 3301 1419 3350 atatem

203 3375 304 3436 studio
327 3374 489 3436 transversi
513 3372 681 3456 rapiuntur,
700 3372 764 3452 ejus
787 3371 877 3434 santae
893 3371 973 3456 apud
989 3387 1126 3456 posteros
1141 3371 1346 3461 gpavissirnurn
1360 3372 1419 3432 rul-

203 3479 259 3520 nus
277 3459 483 3542 imprudentes
501 3457 648 3542 infligere.
676 3455 770 3538 Quod
785 3477 856 3518 narn
871 3459 951 3518 enim
966 3459 1136 3539 excogitari
1151 3471 1250 3542 potest
1263 3456 1364 3520 clarius
1376 3479 1418 3518 ar·

204 3557 383 3623 gumentum
399 3545 438 3606 ed
454 3543 546 3605 seculi
561 3542 693 3626 cujusvis
708 3542 923 3622 ignorantiam,
939 3557 991 3604 aut
1006 3544 1106 3626 potitis
1121 3543 1293 3606 barbariem
1307 3543 1416 3603 demon-

204 3626 371 3704 strandum,
387 3629 477 3710 quem
502 3627 584 3710 qubd
607 3628 650 3688 ibi
672 3625 826 3688 Homerus
841 3627 947 3692 audiat
961 3627 1088 3710 ineptus,
1103 3627 1196 3691 Plato
1220 3629 1259 3690 ad
1282 3627 1415 3690 fastidium

203 3710 352 3795 prolixus,
370 3713 544 3774 Aristoteles
560 3714 666 3795 partim
681 3713 797 3786 doctus,
810 3709 1031 3774 Demosthenes
1046 3727 1076 3775 et
1091 3711 1203 3775 Cicero
1217 3713 1235 3774 ὲ
1252 3713 1335 3775 trivio
1348 3709 1414 3774 Ora·

204 3793 323 3870 tomuli,
339 3793 488 3875 Virgilius
504 3795 604 3858 Poeta
617 3796 705 3859 nullis
720 3796 836 3878 gratiis
851 3797 936 3859 nullo
949 3811 1068 3876 ornatu,
1082 3797 1229 3860 Horatius
1244 3798 1362 3880 denique
1371 3816 1413 3857 ru-

204 3880 261 3956 dis,
277 3878 408 3954 humilis,
423 3893 453 3939 et
467 3881 530 3942 sine
545 3882 667 3944 nervis?
681 3879 908 3946 Barbaraeillae
924 3898 1037 3964 gentes,
1053 3905 1122 3965 quae
1139 3881 1292 3946 Graeciam
1308 3895 1332 3944 et
1342 3879 1413 3955 ltali-

205 3985 256 4027 am
271 3963 461 4047 populantes
476 3977 560 4026 tanto
574 3967 676 4028 surore
691 3968 917 4048 grassabantur,
933 3967 1007 4050 quid
1021 3989 1153 4050 unquam
1170 3969 1201 4030 in
1216 3967 1342 4032 delendis
1356 3965 1412 4049 pul-

204 4046 361 4111 cherrimis
375 4049 529 4110 vetustatis
546 4051 746 4117 monumentis
761 4051 865 4112 tetrius
889 4051 953 4114 ausi
969 4052 1058 4115 sunt?
1082 4051 1172 4134 Quid¹
1190 4054 1288 4134 magis
1310 4051 1411 4112 bonen-

205 4133 302 4196 dum?
319 4133 433 4194 Verum
449 4153 516 4216 spes
530 4147 574 4194 est
588 4155 650 4195 non
666 4135 720 4197 toti
735 4136 839 4197 seculo
853 4136 1034 4219 imputatum
1049 4137 1086 4200 iri
1102 4139 1292 4220 quorundam
1314 4156 1410 4220 pener-
1512 4142 1518 4161 ¹

205 4239 270 4282 sum
280 4218 442 4301 judicium,
458 4237 513 4280 nec
528 4217 669 4300 Antiquis
683 4219 783 4281 fraudi
797 4218 872 4282 sore.

248 4301 376 4366 Frustra
398 4302 570 4387 Imperator
584 4301 635 4364 ille
650 4324 735 4364 arma
749 4303 781 4364 in
796 4302 976 4381 Homerum,
991 4301 1168 4387 Virgilium,
1183 4305 1289 4368 Titum
1309 4303 1406 4366 Livium

204 4389 318 4446 movit:
334 4386 489 4450 Incassum
505 4388 642 4449 cecidere
662 4386 738 4450 tanti
761 4404 908 4449 conatus:
923 4389 1036 4451 bellum
1052 4389 1280 4453 absolutissimis
1293 4389 1406 4471 operibus

206 4467 352 4531 indictum
366 4471 440 4552 quid
456 4473 539 4534 aliud
552 4471 623 4552 egit,
639 4470 696 4531 nisi
709 4469 918 4533 adnumerum
933 4473 1113 4556 ineptiarum
1129 4473 1262 4548 accessit,
1275 4491 1328 4553 quo
1338 4472 1406 4532 labo-

204 4560 253 4610 rat
261 4549 353 4631 ipsius
362 4553 499 4634 historia,
508 4553 799 4637 cumulatioremque
807 4555 864 4639 ipsi
874 4556 1020 4622 invidiam
1031 4559 1113 4641 apud
1122 4569 1258 4642 posteros
1266 4554 1404 4632 conlusit?
