3106 4910
523 231 711 335 uranon
733 231 884 298 uranu.
907 233 968 301 oa,
991 238 1021 297 s.
1306 243 1370 304 ass

183 377 304 442 Othone
319 391 502 464 contempto,
519 381 610 441 sedet
968 388 1006 445 16
1017 399 1089 454 eder,
1100 397 1192 444 othone
1204 405 1290 456 spreto.
1307 401 1370 452 etsta

137 461 224 545 Quid
240 465 345 527 attinet
360 479 404 527 tot
417 487 471 526 ora
486 465 610 525 navium
623 467 711 546 gravi
1011 461 1081 546 ilia*
1095 464 1166 544 orteia
1180 468 1263 532 ,ΝΜ
1281 470 1316 534 ‚¹⁰¹
1327 477 1369 535 ¹3³¹·

182 547 330 611 Rostrata
342 551 410 611 duci
424 549 558 632 pondere
1017 526 1371 642 ii¹n¹¹ssr¹¹iii¹iisu¹i³iiiiiiii

138 629 260 695 Contra
274 635 406 696 latrones
419 647 508 715 atque
521 633 656 693 servilem
671 653 803 712 manum,
1019 655 1043 690 et
1062 659 1180 690 servorum
1200 655 1299 701 menas,
1317 651 1369 704 isto,

183 715 264 796 Hoc,
280 719 348 795 hoc,
364 718 504 780 Tribnuo
521 716 672 778 militnm?
967 723 1010 783 20
1020 707 1193 816 ἶίῐεῖᾏξηφαηηι
1203 709 1300 754 attritum
1311 724 1369 768 pre-

352 933 452 1030 IODE
475 933 514 995 V.
557 931 605 994 IN
627 931 852 995 CANIDIAM
875 932 1152 998 VENEFICAM.

246 1111 256 1130 Α
467 1112 474 1125 .
525 1048 545 1124 ¹.
585 1111 591 1124 .
781 1111 787 1124 .
1061 1082 1116 1139 Sed,
1135 1083 1149 1126 d
1169 1084 1281 1140 Numina,
1304 1092 1371 1142 quot·

139 1089 226 1188 ΛΤ,
242 1134 261 1174 o
275 1110 409 1190 Deorum
425 1111 568 1194 quicquid
583 1131 614 1171 m
629 1111 709 1172 coelo
724 1125 804 1190 regit
941 1133 1006 1194 [444]
1019 1153 1075 1204 qm,
1098 1145 1121 1190 ἡ,
1152 1147 1211 1191 emto
1235 1148 1370 1206 g,„,.,„„„

182 1195 295 1258 Terias
311 1209 340 1257 ei
354 1197 517 1258 humanum
535 1215 639 1275 gentis,
911 1228 914 1236 ·
988 1212 989 1218 ’
1018 1207 1079 1251 hunc
1102 1210 1182 1254 orbem
1205 1216 1274 1266 utque
1298 1210 1371 1254 homi·

140 1279 225 1362 Quid
240 1283 294 1342 iste
309 1281 364 1342 fert
379 1281 545 1344 tumultus?
560 1282 625 1340 Aut
639 1279 711 1360 quid
726 1279 863 1340 omnium
1018 1283 1067 1340 ”fh
1084 1270 1140 1370 Ῥήξ
1152 1271 1196 1314 stur
1208 1272 1256 1314 ”¹¹¹
1266 1271 1371 1357 VM‘J‘*

1018 1337 1093 1386 prim⁴
1141 1329 1161 1372 ei
1174 1345 1286 1386 quorsum
1299 1331 1370 1376 fatres

182 1364 291 1426 Vultus
305 1366 336 1426 in
351 1385 444 1426 unum
459 1385 507 1426 ine
522 1363 645 1426 truces?
1018 1390 1122 1433 omnium
1143 1389 1237 1436 blerana
1258 1397 1372 1454 apparent

137 1449 200 1512 Per
214 1449 324 1512 liberos
339 1463 377 1526 te,
393 1452 418 1512 si
431 1463 544 1511 vocata
558 1449 704 1530 partubus
989 1452 1132 1526 5emuncs
1152 1454 1262 1497 anseisus
1282 1469 1318 1525 qe
1336 1468 1373 1529 ³0:

180 1533 512 1608 Lucinaversauis
1019 1514 1372 1634 inlisisinlisis

135 1618 198 1682 Per
213 1621 271 1681 hoc
287 1620 377 1680 inane
389 1638 534 1700 purpurae
549 1617 640 1678 decus
652 1638 768 1700 precor,
1017 1638 1140 1692 invocata;
1157 1651 1200 1694 per
1212 1653 1297 1684 vanum
1309 1639 1371 1686 uiuo

180 1704 242 1769 Per
256 1704 499 1785 improbaturum
514 1701 582 1764 haec
595 1700 713 1778 Jorem,
1018 1700 1117 1776 insigne
1128 1714 1251 1758 parspere:
1268 1715 1311 1758 per
1329 1702 1370 1747 Jo-

139 1787 224 1868 Quid
237 1802 270 1850 ut
282 1806 415 1848 noverca
428 1807 476 1846 me
491 1787 624 1864 intueris
641 1800 692 1848 aut
703 1787 746 1847 uti
1018 1762 1369 1884 qqqqteaqqcpsqchqqqqssriuss

950 1887 953 1894 ’
1017 1899 1094 1940 verca,
1111 1888 1147 1930 vel
1160 1896 1192 1942 ut,

616 2011 709 2059 ANNO
714 2009 754 2058 TA
759 2009 885 2060 rieures,

173 2139 209 2184 16.
228 2137 315 2184 Olhoue
335 2137 482 2200 contemplo]
516 2137 544 2182 L.
559 2136 659 2182 Roscius
678 2137 740 2183 Otho
771 2137 822 2198 ejus
834 2135 1003 2190 cavillationes,
1014 2135 1096 2190 lector,
1108 2151 1231 2200 cognosce,
1247 2138 1371 2198 etjudica,

140 2199 259 2248 Tribunus
276 2201 350 2260 plebis
363 2202 438 2262 legem
450 2202 543 2256 tulerat,
555 2197 600 2256 quir
612 2199 707 2244 Nobiles
717 2199 740 2243 in
772 2201 802 2244 ud
815 2199 867 2243 loca
882 2197 974 2256 singula
986 2199 1079 2253 relatas,
1093 2214 1128 2252 ac,
1137 2200 1161 2244 ni
1169 2200 1246 2256 fallor,
1254 2200 1328 2259 probe
1336 2201 1370 2247 di·

142 2263 247 2308 Thcatro
267 2261 396 2309 hPlebeiis
414 2263 516 2323 separari
539 2263 644 2307 aderant.
677 2259 740 2306 ilinc
772 2261 840 2305 lutus.
874 2261 1049 2304 iitremtotanr
1062 2262 1187 2322 diligenter
1203 2265 1257 2308 ante
1276 2264 1369 2322 accipe:

136 2323 247 2369 Juvenal.
261 2323 310 2370 Sat.
322 2323 353 2370 iii.
367 2326 416 2370 159,
707 2327 710 2332 ‘
772 2337 815 2368 nec
824 2323 887 2367 enim
896 2329 960 2366 caret
972 2320 1154 2377 difficultatibus,
1163 2333 1186 2369 et
1193 2325 1301 2382 quedam
1313 2325 1370 2371 sane
1444 2355 1446 2360 ,

171 2386 209 2434 Sic
217 2385 309 2434 libitum
320 2399 379 2434 eone
389 2386 430 2448 qui
440 2400 480 2433 nor
488 2383 595 2432 distinxit
609 2383 701 2432 Othoni.
772 2385 904 2444 supplenda
912 2399 940 2428 es
955 2398 1077 2444 magorum
1089 2386 1205 2432 institutis.
1239 2387 1296 2434 Huc
1308 2402 1370 2433 sum·

139 2445 213 2494 Porrb
225 2449 262 2493 lex
274 2449 358 2494 cadem
371 2449 465 2495 vetabat
477 2445 587 2506 Equitem
600 2448 658 2502 fieri,
676 2462 703 2492 nc
716 2448 739 2493 in
771 2462 811 2492 rna
828 2455 870 2492 est.
906 2443 1055 2491 Conveniunt
1071 2447 1101 2490 ad
1121 2449 1257 2494 veneficium
1269 2457 1371 2506 quatuor

138 2509 251 2568 gradibus
268 2509 441 2568 Amphitheatri
456 2511 633 2570 quatuordecim
656 2511 739 2554 sedere
771 2523 843 2570 sege,
855 2522 955 2566 quanam
964 2508 1066 2552 Canidia
1078 2509 1196 2566 princeps,
1207 2523 1260 2568 quae
1272 2511 1370 2567 Varum,

137 2585 200 2626 eum,
215 2574 251 2620 etri
267 2574 303 2618 vel
314 2573 377 2630 patri
394 2571 445 2633 ejus
458 2585 548 2630 avoque
564 2589 611 2618 non
624 2572 738 2617 adfuisset
769 2587 823 2617 siros
840 2585 932 2615 autores
939 2577 1098 2628 spernentem,
1108 2571 1196 2626 ulcisci,
1213 2572 1322 2630 iilumque
1339 2575 1371 2620 ad

138 2634 252 2692 equestris
269 2650 361 2692 census,
373 2633 397 2680 id
409 2643 452 2690 est,
464 2635 638 2694 quadringenta
654 2642 737 2679 sester·
769 2649 794 2680 se
802 2635 896 2679 trahere
903 2647 947 2690 per
956 2633 1132 2678 incantamenta
1141 2635 1271 2692 satagebat.
1287 2635 1371 2692 ltaque

137 2693 195 2740 tiiun
212 2694 291 2742 millis.
326 2697 355 2742 At
371 2696 535 2742 nihilottunen
555 2694 630 2742 minsis
651 2695 685 2741 ita
698 2695 737 2758 ju·
770 2696 871 2754 primum
880 2710 910 2739 ex
918 2693 1010 2739 elixatis
1019 2703 1068 2738 tum
1078 2693 1165 2750 herbis,
1177 2703 1226 2738 tum
1238 2695 1289 2740 aliis
1300 2699 1370 2742 rebus

137 2758 205 2804 brute
217 2758 327 2818 Principe
344 2759 445 2816 tempori
457 2759 551 2816 quidem
571 2759 695 2814 serviente,
712 2765 737 2802 ut
769 2766 915 2818 rrrrguerrtum
927 2771 968 2801 seu
981 2755 1134 2813 pharmacum
1146 2757 1255 2812 conficit,
1267 2757 1371 2815 illudque

136 2817 193 2874 dixi,
206 2817 290 2866 Menas
301 2835 453 2879 nequaquam
473 2821 597 2881 ingenuus,
609 2819 664 2881 jam
680 2835 738 2878 opu·
770 2820 866 2865 adhibet
883 2819 914 2864 ad
931 2832 1024 2864 ceream
1038 2817 1092 2862 Vari
1106 2817 1241 2877 imaginem,
1253 2833 1324 2876 qnam
1341 2821 1371 2865 de

137 2881 221 2936 lentus,
230 2881 366 2941 contempta
375 2881 474 2928 Othonis
484 2883 546 2940 lege,
562 2881 640 2940 Eques
653 2883 738 2938 iactus,
771 2895 836 2926 more
848 2879 894 2926 illic
904 2881 984 2925 statuit
993 2881 1172 2938 supponendam
1181 2893 1188 2935 ;
1201 2888 1253 2928 rata
1262 2880 1370 2928 nimirdm

136 2941 183 2988 imb
195 2957 218 2989 et
230 2944 356 3000 Tribunus,
374 2945 451 3003 prima
462 2943 545 2989 sedilia
562 2945 585 2989 in
597 2943 738 3002 spectaculis
771 2943 868 3000 perinde
886 2943 909 2986 in
920 2939 1009 2987 Varum
1022 2957 1099 3000 agere,
1111 2953 1139 2986 ac
1151 2941 1170 2987 si
1181 2945 1283 2999 adesset,
1294 2951 1318 2988 et
1330 2959 1370 2988 un·

137 3007 278 3064 occupabat,
287 3019 424 3065 quanquam
434 3007 464 3050 ab
474 3004 500 3051 iis
510 3003 663 3065 dignitatibus
673 3019 738 3050 arce·
772 3012 861 3064 guento
878 3005 917 3049 illo
929 3005 979 3062 ipse
995 3006 1183 3064 perfunderetur.
1216 3005 1246 3050 At
1255 3005 1308 3050 cum
1321 3005 1371 3050 aui·

137 3067 223 3112 baritur
232 3067 311 3114 liberti
324 3078 394 3124 atque
406 3066 517 3120 libertini.
771 3065 896 3112 nradvertit
905 3066 1006 3112 Canidia
1014 3067 1077 3122 prius
1085 3068 1129 3110 hoc
1140 3065 1215 3110 mimis
1224 3067 1324 3112 valuisse
1337 3067 1371 3112 in·

170 3127 202 3174 17.
221 3127 449 3188 ostentamenta]
462 3127 558 3187 Ergone
566 3135 650 3173 contra
660 3143 737 3174 servo-
770 3138 954 3183 coutamentum,
968 3127 1030 3186 qubd
1046 3127 1123 3173 Varus
1135 3129 1291 3174 contrariisve
1300 3131 1369 3188 pirm-

137 3204 188 3236 rum
201 3198 224 3235 et
239 3191 376 3262 prpdouum
388 3190 516 3235 exercitum
531 3190 646 3236 instruere
657 3190 737 3247 copias
770 3189 843 3235 runcis
860 3188 1034 3246 prmrnunisset;
1053 3199 1102 3235 turn
1118 3191 1175 3235 verb
1190 3192 1289 3236 alterum
1302 3201 1371 3250 parat
1408 3202 1409 3211 ¹

136 3252 232 3296 navales
244 3259 338 3308 oportet
353 3249 459 3306 Menam,
471 3251 510 3310 qui
522 3259 544 3296 et
557 3251 606 3309 ipse
618 3253 698 3310 prodo
713 3262 738 3298 et
769 3251 894 3308 efficacius,
906 3267 933 3298 ac
942 3253 1004 3297 velut
1016 3261 1148 3297 extremum
1161 3253 1298 3308 remedium,
1310 3253 1369 3299 scili·

137 3327 216 3360 servus
229 3312 243 3360 t
256 3311 342 3362 namra
353 3314 437 3368 lactus,
449 3327 496 3360 uon
507 3311 541 3370 ita
553 3313 643 3370 pridem
655 3329 736 3362 eorum
769 3323 806 3358 cet
823 3315 934 3372 philtrum
946 3330 987 3360 seu
998 3316 1119 3374 potionem
1136 3316 1276 3360 amatorium
1293 3315 1306 3359 e
1321 3329 1368 3360 me-

136 3375 185 3421 dux
196 3373 252 3422 fuit?
270 3373 331 3424 Sunt
339 3376 378 3436 qui
388 3375 523 3422 existiment
534 3375 597 3434 loqui
610 3375 736 3424 Horatium
769 3377 837 3422 dullis
849 3387 872 3421 et
883 3377 966 3437 jecore
978 3375 1044 3436 pueri
1061 3383 1131 3422 terrm
1149 3378 1239 3434 infossi,
1258 3392 1326 3434 quem
1338 3393 1368 3424 ex

136 3437 165 3483 de
184 3435 288 3496 fugitivis
303 3451 361 3496 quos
374 3439 404 3483 ud
421 3453 489 3483 urina
504 3446 629 3484 vocaverat
650 3437 734 3484 Sextus
769 3435 847 3484 inediti
858 3439 1025 3484 contabescere
1034 3449 1057 3482 et
1066 3441 1176 3497 expirare
1188 3439 1285 3486 fuciunt.
1308 3439 1367 3492 Haec

136 3497 270 3558 Pompeius,
285 3509 309 3546 et
327 3501 411 3560 qulbus
423 3499 554 3546 Tribunum
569 3501 664 3546 Menam
677 3516 734 3560 pree·
767 3502 847 3546 omnin
866 3499 936 3559 porrb
953 3501 1010 3545 mire
1022 3501 1134 3547 describit
1149 3515 1177 3546 ac
1189 3501 1252 3546 varie
1269 3512 1368 3549 exornat

136 3559 230 3608 fecerat.
269 3563 300 3608 At
315 3563 354 3610 ulii
372 3561 453 3610 melitis
473 3563 606 3622 intelligunt
624 3564 734 3622 reliquias
767 3559 847 3608 Poeta.
880 3562 936 3608 Jam
948 3561 1043 3622 singula
1054 3561 1212 3620 inspiciamus.

136 3623 250 3670 exercitiis
263 3613 328 3670 Sexti
339 3623 455 3684 Pompeii,
464 3639 522 3683 quas
536 3625 612 3671 Mento
624 3626 696 3670 ductu
711 3635 733 3672 et
797 3625 819 3672 3.
841 3623 953 3684 Quid-istc
964 3625 1016 3685 serr
1032 3625 1228 3687 frtnndlnsl’im.]
1246 3625 1366 3673 inducitur

135 3685 206 3744 operit
213 3685 266 3746 jam
274 3687 348 3733 victor
361 3688 395 3732 Au
432 3695 480 3732 stus
492 3689 682 3746 persequebatur.
766 3685 864 3745 loquens
877 3702 943 3746 puer,
955 3701 1024 3744 quem
1038 3689 1146 3736 venefica
1159 3688 1203 3733 iilic.
1215 3698 1308 3747 raptum
1320 3696 1366 3735 ter·

163 3747 267 3794 Nouium
273 3748 389 3810 grouipor
413 3749 469 3810 cro]
488 3747 547 3795 Vide
559 3749 636 3808 Epod.
651 3750 669 3794 l.
679 3765 700 3795 v.
714 3751 734 3796 l.
766 3762 798 3794 rae
810 3749 916 3794 infodere
928 3757 1022 3808 parant,
1040 3751 1071 3794 ad
1082 3749 1252 3796 conficiendum
1266 3767 1295 3796 ex
1313 3751 1366 3810 ejus

135 3808 211 3866 ibique
219 3811 306 3856 Annot.
767 3809 883 3856 intestinis
892 3811 1013 3868 philtrum,
1024 3825 1063 3856 seu
1076 3813 1161 3858 amoris
1172 3814 1289 3870 poculum.
1306 3814 1365 3858 Tru·

164 3871 202 3916 20.
219 3871 330 3928 Henioc,
340 3873 573 3934 ihibrtaomiiitum]
592 3871 734 3918 Plutarchus
766 3873 872 3918 culeutas
884 3872 939 3917 verb
951 3874 1022 3920 facies
1035 3887 1191 3932 expavescens
1203 3876 1249 3920 ista
1260 3875 1358 3932 profem.

135 3933 186 3980 ente
195 3935 260 3980 citat.
272 3935 356 3991 ubique
366 3935 467 3993 piratam
477 3945 545 3982 vocat
557 3935 660 3982 Menam.
683 3935 733 3981 ni-
797 3937 819 3980 5.
838 3935 863 3980 Si
879 3939 957 3981 noculo
968 3935 1082 3996 partribus
1098 3936 1187 3983 Lireino
1205 3937 1264 3984 sads
1274 3935 1364 3996 offuit]

135 3994 191 4042 huni
207 3993 307 4044 militum
326 3995 427 4043 officium
442 4006 494 4044 erat
509 3996 593 4044 milites
610 3998 632 4042 in
650 3999 732 4044 castris
766 3995 824 4042 Haec
842 3999 882 4054 uit,
894 3998 1006 4058 quoniam
1021 3999 1179 4058 supposititios
1190 4002 1259 4045 foetus
1269 3999 1366 4043 aiebant

135 4058 261 4114 continere,
283 4069 306 4103 et
325 4059 355 4104 ad
373 4060 565 4106 exercitationem
584 4061 731 4118 producere;
765 4057 882 4104 interdum
899 4061 1007 4105 venefica
1027 4063 1057 4105 ad
1074 4076 1118 4108 sua
1134 4063 1249 4108 scelerata
1266 4059 1366 4103 consilia

134 4120 209 4166 claves
226 4128 348 4178 portarum
360 4122 492 4179 suscipere;
507 4122 599 4184 vigilias
615 4121 731 4168 interdum
764 4121 839 4166 utiles.
872 4120 931 4167 Vide
942 4122 1018 4182 Epod.
1033 4123 1066 4170 17.
1087 4124 1174 4170 Arurot.
1192 4125 1222 4168 od
1234 4136 1274 4165 eas
1288 4134 1365 4174 voces,

135 4181 268 4238 circumire;
297 4182 518 4230 frumentationibus
545 4185 731 4230 commilitonum
763 4183 997 4244 ucatcrportumeius.

134 4245 255 4301 haeresse,
267 4245 412 4292 frumentum
424 4247 535 4303 probare;
548 4247 655 4292 frarrdenr
668 4261 731 4292 men·
794 4247 814 4292 6.
833 4245 942 4306 Larcium]
960 4247 987 4292 ln
1007 4257 1076 4306 partu
1098 4247 1255 4291 invocabatur
1277 4240 1364 4305 Diona,

134 4320 209 4354 sorum
220 4315 342 4361 coercere5
359 4305 459 4354 militurn
470 4309 577 4365 querelas
589 4309 679 4364 audire,
691 4309 731 4356 de·
763 4316 787 4353 ut
804 4310 897 4355 adesset
908 4316 957 4355 tum
975 4308 1123 4366 partrrrienti,
1135 4316 1186 4351 tum
1203 4304 1328 4360 prodeunti
1340 4305 1364 4351 iu

133 4367 376 4431 iictacastigare,&c.
762 4369 837 4415 lucem
856 4370 980 4417 infantulo.
1015 4371 1078 4415 Hinc
1108 4379 1240 4427 cognomen
1266 4365 1364 4414 Louna.

162 4429 211 4476 Ode
228 4431 392 4480 V.-Metrum
404 4432 466 4480 idem
478 4433 541 4490 quod
553 4431 629 4490 Epod.
640 4434 659 4479 1.
761 4433 819 4478 Vide
830 4432 870 4478 lib.
882 4433 913 4478 iii.
926 4433 970 4479 Od.
979 4433 1016 4476 22.
1030 4433 1116 4475 annot.

160 4491 180 4538 1.
197 4493 258 4548 dhe
269 4495 392 4556 Deorum]
409 4493 486 4540 Julius
496 4493 610 4554 Scaliger,
627 4495 662 4542 vir
673 4495 730 4540 alio·
792 4491 1123 4554 t.1naneporpurovenn.]
1141 4486 1233 4545 Quippe
1252 4503 1298 4547 quo
1317 4500 1364 4535 nou
1413 4517 1415 4524 ·

134 4553 170 4612 qui
188 4569 300 4614 summus,
320 4557 382 4618 (quis
399 4558 507 4618 credat?)
520 4557 581 4604 huuc
593 4557 660 4604 Odeu
677 4571 729 4616 pes·
760 4557 912 4606 deterremiui
926 4556 955 4599 ab
965 4549 1088 4598 inferendi
1101 4548 1157 4593 milri
1169 4565 1234 4594 nece.

134 4611 187 4664 stae
208 4617 329 4680 mteliexit,
351 4619 452 4680 pessimi
471 4619 567 4681 carpsit.
618 4619 729 4683 Singulas
791 4621 813 4665 3.
831 4616 1021 4679 Iotprolutorum
1036 4609 1083 4658 hec
1097 4609 1197 4670 dureris]
1230 4613 1249 4656 Α
1257 4611 1365 4671 juvando

745 4703 817 4738 ’κ-
