3154 4918
460 241 596 309 nora:
619 243 668 308 1u
689 239 833 308 vrrnu
855 242 1054 310 nomeu.
1159 223 1165 236 ’
1312 264 1359 309 vn

187 388 294 454 Hiuuo
307 410 350 451 rua
364 387 462 452 ualens
475 388 530 450 stri
553 387 700 471 ariorum]
730 387 763 450 N
763 411 803 452 on
816 390 917 472 placet
933 391 991 454 ista
1012 391 1113 452 lectio.
1140 387 1254 454 Procul
1268 391 1363 456 dubio

143 475 306 558 scripserat
318 472 484 549 Maecenas,
499 409 606 533 dinuo
620 493 663 534 me
674 473 771 534 rideas
783 472 990 558 strigosiorem,
1006 495 1131 555 eamque
1144 475 1302 538 lectionem
1317 497 1364 538 se-

144 572 232 620 cutus
246 571 289 620 est
303 557 492 619 doctissimus
506 554 640 616 Vossius.
683 555 757 618 Fuit
774 558 810 618 iis
828 559 1012 642 temporibus
1029 557 1102 619 Nin.
1125 556 1252 620 Crassus
1270 563 1364 641 potita

144 643 253 724 quovis
268 641 387 725 pumice
401 639 522 714 aridior,
537 659 663 722 eantque
678 641 717 701 ob
732 642 1036 703 causam'istiusmo'di
1048 641 1191 702 conviciis
1203 643 1364 705 obnoxius.

189 722 380 810 Eulogium]
422 722 530 784 Graeci
547 725 641 799 ἑλόγιω,
656 725 780 806 proprie
796 725 946 805 significat
963 725 1091 800 titulum,
1112 725 1232 802 lemma,
1254 727 1365 809 praefa-

144 809 260 953 pponem
283 808 444 883 concisam,
467 807 659 886 breviarium,
684 828 745 889 quo
768 808 844 889 quis,
868 809 941 890 quid
963 809 1019 870 sibi
1041 808 1122 884 velit,
1145 810 1249 891 paucis
1266 812 1365 872 verbis
1389 821 1392 838 ¹

170 906 247 954 acet.

188 974 282 1036 Nunc
296 972 528 1057 occupatissimus
541 983 567 1036 et
581 972 740 1058 infirmae]
774 973 899 1037 Infirmi
912 975 1084 1040 valetudine
1095 978 1234 1040 utebatur
1244 977 1366 1058 Augus·

148 1074 196 1121 tus
211 1059 292 1119 omni
308 1073 452 1141 tempore,
467 1071 535 1140 post
548 1071 647 1120 autem
662 1059 774 1120 bellum
790 1058 1000 1142 Hispanicum,
1016 1061 1169 1143 impendio
1183 1062 1281 1141 magis
1296 1083 1367 1141 gra-

147 1161 268 1204 vescere
283 1141 374 1224 caepit
388 1142 451 1220 ejus
465 1139 617 1203 valetudo.
654 1141 731 1204 Post
748 1143 827 1204 istud
843 1143 934 1224 igitur
949 1143 1061 1206 bellum
1076 1157 1193 1206 constat
1206 1166 1275 1206 euru
1289 1145 1368 1207 hanc

147 1225 306 1308 epistolam
321 1225 361 1286 ad
375 1223 577 1286 Maecenatem
592 1225 754 1308 scripsisse,
774 1224 964 1308 Horatioque
979 1227 1121 1288 obtulisse
1135 1247 1244 1292 munus
1257 1229 1369 1311 episto·

149 1310 269 1372 larium.

188 1392 238 1454 Ab
259 1392 317 1454 istd
332 1391 499 1474 paraenet
519 1391 642 1475 mansi]
686 1391 832 1464 Horatius
855 1393 934 1454 enim
958 1412 1020 1453 non
1043 1406 1108 1454 erat
1130 1415 1168 1454 ex
1191 1393 1369 1455 Maecenatis

148 1476 328 1551 domesticis,
352 1495 449 1556 neque
464 1475 553 1538 ullius
568 1477 714 1538 ordinarii
729 1476 821 1536 officii
834 1475 926 1535 causis
940 1474 1021 1556 apud
1035 1495 1103 1534 eum
1117 1477 1261 1552 haerebat,
1285 1479 1370 1538 ideo·

148 1581 208 1641 qne
221 1579 289 1620 eum
304 1560 353 1620 hic
368 1559 472 1622 irridet
485 1558 640 1638 Augustus
653 1571 688 1620 ut
700 1556 878 1640 lllaecenatjs
892 1557 1067 1640 parasitum,
1090 1559 1176 1638 quasi
1191 1561 1218 1620 ei
1233 1575 1309 1621 esset
1323 1581 1370 1624 as-

149 1643 403 1706 siduusconviva.
815 1640 847 1680 ⁴*

189 1727 236 1788 tle
254 1748 290 1786 ne
308 1724 455 1786 recusanti
492 1723 589 1785 uidem
608 1733 660 1786 aut
676 1723 836 1806 succensuit
854 1724 1018 1808 quicquum,
1042 1733 1094 1784 aut
1112 1725 1267 1788 amicitiant
1287 1749 1369 1788 suam

148 1828 306 1907 suggerere
321 1807 456 1891 tatuit]
473 1745 524 1870 qln
537 1807 642 1890 primis
656 1807 902 1888 notatu*dignum
917 1821 970 1884 est,
986 1809 1067 1889 quod
1082 1808 1130 1868 hic
1142 1813 1282 1871 observat
1294 1809 1369 1872 Sue-

149 1909 259 1955 tomus.
298 1891 385 1954 Rara
400 1905 443 1952 est
457 1891 489 1954 in
503 1892 689 1974 principibus
703 1891 852 1973 ejusmodi
870 1893 1057 1954 moderatio:
1080 1893 1164 1972 cujus
1179 1895 1297 1976 quidem
1316 1917 1369 1956 ex-

150 1977 291 2038 hibendae
314 1975 409 2037 fateor
432 1995 492 2036 nou
517 1977 572 2036 nisi
596 1976 763 2038 rarissimas
786 1976 824 2036 iis
845 1977 983 2059 praebere
1005 1977 1189 2038 occasiones.
1232 1977 1319 2040 Adeo
1338 1979 1370 2039 in

149 2081 263 2143 paucos
275 2060 420 2134 incidunt,
433 2060 483 2140 qui
497 2059 597 2120 officia
608 2060 710 2141 ampla
721 2072 751 2120 et
761 2060 891 2121 honores
902 2060 982 2121 ultro
997 2060 1054 2122 sibi
1066 2060 1184 2122 oblatos
1196 2061 1369 2122 detrectent.

193 2143 229 2205 Si
237 2164 296 2228 per
309 2141 503 2204 ualetudinem
516 2152 597 2204 taam
610 2143 684 2226 fieri
696 2141 822 2226 postet]
852 2143 995 2205 Indicant
1008 2144 1074 2204 haec
1088 2146 1183 2205 verba
1197 2143 1369 2222 Horatium,

150 2227 330 2290 valetudinis
342 2247 405 2288 sure
420 2227 615 2288 excusatione
634 2227 720 2288 illmn
735 2229 881 2290 honorem
896 2228 953 2290 sibi
968 2230 1006 2289 ab
1021 2228 1161 2307 Attgusto
1174 2229 1309 2290 oblatum
1324 2250 1371 2290 re-

149 2332 278 2374 cusasse.
307 2310 327 2371 J
329 2331 378 2372 am
390 2309 471 2370 enim
483 2301 690 2386 consenuerat,
705 2311 785 2372 unde
800 2311 890 2372 etiam
901 2313 1035 2393 sequitur
1046 2311 1104 2372 hoc
1119 2311 1147 2372 ei
1158 2333 1220 2374 non
1230 2313 1370 2376 ‘oblatum

132 2417 136 2424 ·
150 2397 240 2458 firnse
255 2408 325 2456 aute
336 2393 450 2458 bollum
464 2391 675 2476 Hispanicum,
692 2407 724 2456 ut
738 2395 915 2476 supradixi.

72 2533 84 2559 ,
194 2475 363 2562 Septimio]
405 2475 491 2539 Idem
502 2491 546 2540 est
562 2473 734 2560 Septimius,
750 2499 838 2560 quem
854 2477 1016 2562 alloquitur
1030 2475 1107 2542 Hor.
1129 2477 1189 2541 Od.
1208 2485 1237 2541 6.
1254 2479 1323 2542 Lib.
1339 2479 1370 2540 ii.

96 2611 98 2616 ,
152 2583 240 2646 quem
255 2563 361 2624 laudat
373 2559 435 2642 Ep.
456 2565 484 2623 3.
501 2560 570 2622 Lib.
586 2563 605 2622 i.
622 2583 769 2644 quemque
789 2561 917 2624 Tiberio
932 2563 1123 2624 commendat
1143 2561 1203 2646 Ep.
1220 2569 1248 2626 9.
1264 2558 1334 2625 Lib.
1350 2565 1370 2626 i.

196 2645 321 2729 Uarique
336 2643 658 2714 etalterdliberalt'tate
672 2644 884 2730 locupletabit]
915 2645 1000 2708 Nihil
1016 2647 1176 2728 quicquam
1195 2649 1316 2710 tuemini
1332 2650 1371 2708 ab

151 2729 284 2794 Horatio
297 2731 410 2792 dictum
422 2729 460 2790 de
474 2730 606 2810 Augusti
622 2731 695 2792 inse
710 2730 899 2806 liberalitate,
924 2731 1006 2810 quod
1026 2744 1125 2792 tamen
1141 2729 1289 2792 silentium
1310 2753 1372 2794 non

150 2827 195 2878 est
209 2816 248 2875 ab
264 2815 386 2894 ingrato
404 2813 511 2885 animo,
526 2813 703 2895 profectum.
746 2811 778 2873 N
780 2835 846 2876 cmo
863 2815 984 2894 iuquam
1003 2813 1059 2874 fuit
1076 2813 1225 2898 princeps,
1251 2815 1301 2896 qui
1318 2817 1373 2876 ali·

151 2899 259 2980 quibas
278 2918 340 2960 non
357 2896 547 2972 benefecerit,
570 2897 661 2979 pauci
685 2911 784 2959 autem
803 2897 923 2958 suerunt
941 2897 1071 2976 Augusti
1090 2897 1210 2973 similes,
1234 2899 1285 2978 qui
1309 2919 1373 2958 om·

152 2983 241 3058 nibus
253 2982 312 3042 suis
325 2982 464 3068 subjectis
476 2979 631 3042 benefecit.
673 2980 827 3062 Quorsum
839 2982 932 3060 igitur
943 3001 1000 3062 pro
1013 2981 1110 3063 seipso
1124 2982 1245 3042 seorsim
1256 2979 1372 3060 'gratias

153 3079 265 3146 ageret,
288 3086 380 3146 quum
395 3078 492 3125 essent
513 3078 647 3146 prototo
668 3066 783 3126 mundo
806 3065 912 3144 gratiae
935 3064 1085 3142 agendae?
1109 3064 1184 3126 Sola
1204 3078 1302 3124 autem
1318 3065 1372 3126 hu-

146 3149 284 3231 jusmodi
299 3149 464 3230 gratiarum
481 3149 560 3209 actio
574 3149 704 3228 gloriam
719 3149 864 3231 principis
877 3147 1052 3230 amplificat,
1077 3147 1200 3227 solaque
1221 3147 1315 3227 digna
1328 3161 1373 3208 est

153 3255 223 3315 quae
244 3233 398 3295 literarum
417 3233 617 3292 monumentis
631 3233 798 3314 posteritati
818 3230 1066 3294 commendetur?
1088 3229 1195 3310 Itaque
1216 3227 1372 3307 Horatius,

153 3315 214 3400 qui
233 3330 298 3377 erat
312 3315 480 3398 prudentii,
505 3315 579 3374 nibil
594 3317 794 3396 praetermisit,
818 3323 879 3394 quo
893 3317 1112 3375 demonstraret
1130 3313 1288 3394 imperium
1307 3316 1373 3376 uui-

153 3419 271 3462 versum
285 3400 428 3479 Augusto
451 3413 608 3480 acceptum
632 3398 765 3458 retulisse
780 3399 951 3461 felicitatem
970 3417 1065 3471 suam,
1087 3418 1183 3476 neque
1202 3417 1371 3478 quenquam

153 3485 243 3546 fuisse
260 3485 357 3545 civem
376 3481 562 3558 Romanum,
583 3481 635 3562 qui
653 3483 680 3542 ei
699 3481 945 3562 tranquillitatem
963 3480 1115 3560 vitamque
1139 3501 1222 3540 suain
1242 3502 1303 3542 non
1321 3483 1373 3544 de-

154 3571 247 3631 beret.
451 3577 456 3594 ¹

200 3651 386 3714 Vindelicum
401 3649 551 3710 uictoriam
569 3647 684 3709 Tiberii
698 3647 876 3731 Dareique]
907 3646 1000 3729 Quod
1013 3647 1132 3728 quidem
1145 3647 1213 3708 fecit
1225 3646 1285 3710 Od.
1299 3653 1329 3710 4.
1344 3662 1374 3710 et

158 3742 205 3797 14.
221 3735 291 3798 Lib.
304 3735 345 3794 iv.

197 3817 332 3900 Eumque
347 3839 394 3879 coe
435 3815 608 3898 ritspropter
622 3815 675 3876 ltoc
690 3813 780 3876 tribus
796 3815 954 3876 carminum
969 3813 1051 3875 libris
1067 3812 1204 3897 erlongo
1219 3813 1373 3877 interuallo

156 3913 291 3984 quartum
305 3901 422 3964 addara.
479 3899 540 3979 Qui
561 3899 655 3962 credit
678 3919 781 3958 omncs
802 3895 888 3978 Odas
908 3897 961 3958 lib.
981 3897 1018 3958 iv.
1042 3897 1080 3958 ab
1094 3895 1226 3958 Horatio
1247 3900 1372 3980 scriptas

156 3996 314 4066 postquam
326 3986 385 4049 hoc
400 3997 464 4046 crat
477 3984 504 4044 ei
515 3984 559 4044 ab
572 3983 713 4062 Augusto
728 3981 916 4063 imperatum,
932 4002 980 4040 nae
995 3979 1020 4040 is
1034 3979 1125 4058 longe
1141 3981 1260 4041 errabit.
1293 3981 1373 4042 Illud

155 4067 252 4128 solum
267 4067 339 4128 dicit
354 4067 525 4142 Suetonius,
540 4065 703 4128 Horatium
719 4067 758 4126 ab
772 4065 910 4142 Augusto
925 4069 1064 4124 coactum
1078 4064 1168 4124 fuisse
1183 4075 1322 4144 quartum
1337 4063 1373 4124 li-

155 4153 243 4212 brum
259 4150 355 4223 edere,
373 4149 498 4230 illasque
518 4149 612 4224 Odas,
633 4169 706 4230 quas
722 4169 759 4208 ex
778 4149 872 4230 ipsius
890 4148 1016 4230 imperio
1031 4147 1255 4228 composuisset,
1268 4147 1304 4205 iis
1319 4149 1373 4208 ad·

149 4236 291 4379 junppre,
305 4234 569 4375 qtqqslpmrpridem
579 4233 704 4308 fecisset,
717 4232 844 4293 necdum
854 4231 886 4292 in
898 4232 993 4293 lrrccm
1006 4231 1155 4312 edidisset.
1184 4227 1263 4288 Vide
1275 4227 1373 4291 Notas

75 4367 87 4386 .
155 4318 195 4384 ad
242 4319 317 4380 d.l.
364 4316 458 4379 i.iv.

198 4399 315 4462 Habitu
329 4397 460 4482 corporis
474 4398 565 4461 breuis
572 4398 636 4481 suit
650 4409 676 4459 et
692 4395 816 4480 obesus]
856 4395 948 4477 Qttotl
962 4397 1025 4478 ipse
1040 4397 1112 4458 dicit
1128 4391 1192 4456 Sat.
1209 4395 1237 4456 3.
1253 4391 1323 4458 Lib.
1339 4394 1368 4458 ii.

155 4483 207 4544 ubi
222 4503 252 4546 se
268 4483 396 4546 affumut
409 4503 472 4543 esso
488 4496 608 4544 staturae
624 4504 684 4544 non
701 4483 828 4565 atriplius
843 4479 1001 4550 bipedalis.

1281 4577 1299 4608 Ο
