3106 4910
483 453 541 549 Q-
577 446 848 536 HORATH
882 427 1142 532 FLACGI‘

305 699 702 807 CARMEN
756 693 1301 799 SAECULARE.

697 933 899 959 m

509 1065 574 1128 Pro
591 1062 713 1150 Imperii
723 1063 860 1126 ¹‘Rorrturti
874 1060 1087 1125 Incolumitute.

186 1213 732 1335 ...iiliitfiiiiijiiiiPHOEBE‚
749 1240 950 1320 silvarumque
965 1221 1071 1320 potem
1083 1237 1195 1315 Diana,
1360 1264 1437 1328 μω]

186 1339 538 1452 ὐτυωπῶιιῐυιωθιῠθωρῡτὶπν
548 1329 700 1392 Lucidum
715 1325 785 1387 coeli
800 1326 901 1399 decus,
917 1323 936 1385 ὃ
951 1322 1072 1385 colendi
1522 1337 1523 1340 ¹

188 1421 263 1452 noran
290 1438 296 1462 ,
315 1441 321 1467 ,

667 1514 937 1565 ANNOMTIONES.

224 1651 325 1698 Carmen
340 1647 467 1706 madore]
509 1644 547 1689 Ex
568 1643 614 1688 Jut.
638 1641 724 1700 Scalig.
747 1640 786 1685 lib.
819 1647 912 1684 centrum
931 1653 1015 1692 annos,
1036 1638 1075 1684 alii
1094 1646 1147 1696 post
1168 1648 1263 1686 centurn
1280 1655 1310 1688 ac
1326 1643 1425 1690 decern.

190 1712 254 1759 Poet.
278 1713 300 1756 6.
331 1710 424 1755 Horatii
445 1708 546 1754 Carmen
564 1702 672 1751 soecttlure
688 1701 787 1756 dorium,
820 1701 921 1745 Constat
932 1701 1086 1758 anticipatum
1096 1701 1223 1758 aliquando
1235 1711 1337 1762 tempus.
1363 1706 1425 1751 Cor·

186 1774 293 1836 plenum,
310 1775 402 1825 tersum,
419 1769 557 1821 laboratum,
569 1766 638 1826 felix.
672 1765 741 1808 Anno
756 1765 786 1808 ab
818 1763 863 1808 nel.
875 1762 950 1806 Tacit
963 1762 1047 1806 Annal.
1063 1763 1092 1830 xi.
1116 1763 1149 1807 ll.
1176 1762 1258 1810 Iisdem
1279 1765 1424 1813 armum

191 1837 247 1880 urbe
260 1833 415 1884 conditum,
432 1832 524 1888 quintos
538 1825 787 1888 disputassaeculares
819 1822 870 1870 ludi
897 1824 1017 1868 seculares
1042 1824 1228 1882 octingentesimo
1245 1833 1296 1888 post
1318 1827 1422 1875 Ronanus

191 1897 257 1941 ludos
270 1896 438 1948 celebraturus,
456 1893 558 1937 Carmen
578 1891 651 1934 hocce
671 1889 695 1933 in
710 1888 738 1932 iis
757 1899 786 1930 ex
819 1883 935 1932 mutuam
953 1897 1023 1938 anno,
1046 1889 1128 1945 prurio
1147 1887 1325 1948 strangensem

191 1973 257 2003 more
269 1958 409 2008 ctttttutdutn,
419 1959 448 2000 ab
461 1954 561 2000 Horatio
569 1949 722 2010 scribijussit.
739 1948 788 1994 Ho·
819 1947 939 2007 stuguslut
950 1946 1059 2001 ediderat,
1080 1947 1174 2008 specltsii
1188 1955 1335 1996 runl—
1404 1953 1418 1986 '-

191 2018 264 2065 ratius
277 2019 329 2064 ltuic
347 2027 444 2074 operum
453 2015 533 2060 scdulb
542 2013 664 2070 impendit,
679 2009 727 2055 tmb
738 2020 787 2054 tam
819 2011 897 2055 liunus
916 2023 959 2068 quo
977 2023 1003 2053 ue
1019 2007 1090 2053 edulii
1107 2008 1172 2055 ludos
1188 2011 1324 2066 temlerum
1341 2013 1417 2073 ὕψι

192 2083 297 2133 feliciter,
317 2081 352 2124 vel
364 2094 405 2123 suo
422 2075 599 2134 ipsinsjudicio,
616 2083 640 2118 ut
656 2083 680 2117 et
695 2073 786 2128 sibiap-
820 2069 932 2116 intentius
941 2025 1001 2127 1111111
1009 2069 1133 2116 sucerdotis
1144 2071 1351 2126 Qrtiudceirnuiruli
1376 2090 1416 2120 rrr·

193 2145 312 2200 plaudere,
321 2149 343 2184 et
358 2142 441 2184 choros
454 2139 541 2182 nobiles
554 2136 610 2180 illud
621 2136 789 2180 decantaturus
820 2131 1094 2187 dilunaclutnPraetor.
1120 2132 1186 2188 Quod
1200 2147 1247 2180 nort
1255 2133 1414 2194 juntmmnn.

193 2203 395 2258 adexequendnm
407 2201 531 2258 diligenter
541 2211 635 2244 suerrum
651 2209 735 2242 munus
747 2209 787 2243 aa·
813 2195 883 2256 serm·
898 2193 937 2239 ssd
953 2193 1010 2254 quin
1028 2193 1124 2251 collegio
1142 2192 1339 2250 Qbsdsnmairtirn
1355 2198 1412 2244 anti·

192 2277 232 2309 tea
248 2263 366 2308 exhortari
385 2277 432 2306 non
453 2261 538 2305 veritus
558 2259 594 2304 sit.
627 2257 720 2317 Duplici
738 2258 788 2302 Ode
820 2255 898 2317 quieta
909 2269 937 2302 ea
945 2269 1009 2309 citra,
1025 2259 1045 2301 cl
1056 2254 1204 2316 magistratus
1211 2258 1413 2317 potissimumue

193 2327 243 2369 hac
262 2333 366 2381 prestat,
381 2321 491 2368 nimirum
511 2319 717 2379 vigesimaprima
736 2318 789 2364 libri
836 2318 950 2365 mearum
983 2317 1059 2380 officia
1090 2319 1277 2365 ceremoniarum.
1320 2320 1412 2367 Sueten.

193 2385 263 2444 primi
287 2393 310 2429 et
329 2384 394 2429 sexti
414 2385 465 2428 libri
488 2383 582 2440 quarti;
605 2395 687 2438 qnam-
703 2383 786 2440 vulgus
819 2334 903 2426 itaut.
925 2393 977 2436 cap.
999 2379 1046 2423 xri.
1089 2379 1151 2424 Ferit
1170 2385 1191 2426 et
1209 2382 1331 2428 sensimus
1351 2383 1414 2430 iubs

193 2445 438 2504 utramquessaculare
457 2444 560 2489 Carmen
575 2442 725 2488 nihilominus
742 2443 786 2488 huc
819 2439 887 2504 quati
908 2440 1044 2500 arcticiputos
1064 2440 1093 2486 ab
1114 2441 1228 2502 riugsuto,
1250 2457 1292 2490 nec
1313 2443 1413 2505 legitimo

180 2511 265 2563 'usque
284 2507 435 2564 nuncupavit,
457 2507 498 2550 sed
521 2503 653 2562 perperam.
685 2503 748 2550 Nam
764 2505 787 2548 in
819 2502 918 2564 tempori
936 2508 1070 2548 reservatos:
1088 2505 1190 2562 mumma
1205 2504 1254 2564 ipse
1270 2505 1298 2551 in
1314 2501 1414 2553 nerana

193 2569 264 2627 priori
282 2577 360 2613 monet
374 2571 491 2613 dumtaxat
501 2581 585 2624 pueros
597 2579 626 2610 ac
636 2565 746 2623 virgines,
764 2574 789 2611 ut
819 2565 866 2610 suia
879 2564 970 2625 produl,
987 2563 1125 2609 intermissos
1143 2579 1180 2611 eor
1193 2565 1326 2626 asperam
1342 2568 1413 2614 mulir*

193 2629 236 2675 rite
245 2639 331 2673 canant
341 2630 454 2687 Apollinis
463 2642 491 2674 ac
500 2628 583 2673 Dianae
592 2629 672 2672 laudes
681 2643 685 2669 :
703 2626 726 2671 in
735 2641 788 2684 pos·
817 2632 875 2688 poti,
894 2623 1067 2686 diligentissimi
1079 2641 1194 2673 curtorum
1202 2629 1292 2674 rutam
1299 2628 1413 2685 mutuus,

194 2691 273 2737 teriori
282 2689 337 2734 verb
351 2693 381 2736 de
393 2705 417 2736 se
430 2693 479 2749 ipso
487 2701 510 2735 ct
518 2688 643 2749 magaritae
654 2688 748 2746 quidem
756 2689 788 2732 lo·
819 2689 845 2733 iu
857 2688 960 2734 orditum
971 2688 1087 2747 redegisse.
1124 2689 1412 2752 Quareaaapreemsrs'r·

194 2755 272 2811 quitur
284 2752 363 2798 Poeta.
394 2754 451 2804 Qua
461 2752 532 2809 plane
550 2765 600 2796 esse
617 2757 700 2796 contra
719 2751 789 2795 ratio-
820 2751 868 2796 rita
886 2755 927 2803 esi,
948 2751 1065 2808 (observa,
1084 2752 1166 2806 lector,
1184 2752 1255 2797 ritum
1277 2754 1411 2814 samem)

194 2829 249 2860 nem
260 2815 349 2873 hymni,
364 2815 388 2858 in
399 2827 446 2871 quo
461 2814 553 2860 laudari
566 2813 656 2858 tantum
676 2812 739 2858 Dect
755 2820 789 2858 at·
820 2812 940 2858 inminutis
947 2825 1009 2857 ruore
1018 2811 1113 2857 solemni
1123 2811 1154 2857 rat
1163 2812 1229 2859 ludos
1242 2827 1299 2876 quor
1306 2829 1411 2876 necspec·

194 2891 239 2935 que
251 2876 355 2922 invocari
365 2878 441 2928 decet,
457 2887 526 2920 nemo
537 2875 664 2933 negaverit.
820 2876 887 2920 tdsret
907 2872 1038 2935 pruisquam,
1053 2888 1094 2920 nec
1109 2878 1252 2935 medalio-ur
1269 2883 1335 2931 emb·
1361 2875 1410 2924 nim

224 2937 299 2984 Porrb
310 2951 360 2994 qua
373 2938 402 2982 ad
412 2937 478 2981 ludos
490 2936 606 2981 seculares
615 2937 722 2990 attidem,
733 2949 790 2994 pau·
821 2939 959 2996 superessent
969 2934 1043 2981 aibr-uc
1055 2935 1096 2996 qui
1133 2942 1271 2993 ectouertmt,
1290 2938 1410 2999 siquidm

194 3000 249 3047 cula
264 2999 347 3045 saltem
363 2998 400 3043 blc
419 2998 537 3043 ascribere
558 3011 606 3042 non
628 2999 724 3055 pigebit.
758 2997 791 3042 Hi
821 2998 960 3045 histrionum
971 2996 1077 3058 prodiisti
1098 2997 1163 3053 oim,
1187 3004 1242 3046 tutte
1259 3013 1346 3061 proptu

195 3062 323 3108 centesimo
338 3062 430 3106 decimo
441 3073 533 3118 quoque
553 3071 616 3102 anuo
631 3060 712 3117 peragi
732 3060 790 3102 sole·
821 3058 967 3104 ducerentur.
998 3058 1063 3104 idem
1082 3059 1211 3106 Domitian.
1229 3076 1283 3119 cap.
1293 3063 1321 3106 iv.
1351 3015 1409 3108 11111

196 3126 260 3180 bant,
278 3123 300 3168 in
319 3137 404 3180 campo
417 3120 512 3172 Martio,
527 3133 571 3176 per
586 3127 633 3164 tres
649 3121 699 3164 dies
717 3119 790 3164 conti·
822 3118 925 3165 uiuus
941 3117 1060 3164 senuna
1078 3122 1210 3179 computum
1226 3122 1316 3170 salioru
1331 3128 1407 3184 tempo

195 3201 254 3231 nuos
269 3196 339 3243 atque
355 3193 442 3230 noctes.
453 3199 454 3204 ¹
475 3181 555 3228 Primo
567 3180 662 3237 quidem
680 3180 791 3238 Princeps
821 3193 876 3227 rtem
887 3180 916 3226 ab
927 3193 998 3233 mrsu,
1020 3193 1068 3226 non
1079 3195 1123 3239 qam
1135 3181 1363 3243 Cloitdiuaprocimi,
1373 3184 1408 3232 scd

195 3247 295 3292 civitatis
312 3245 487 3304 inCapitolium
504 3244 710 3288 ascendebatcum
726 3241 791 3298 quiu-
823 3241 933 3304 quoolv'm
945 3240 1062 3300 stupam
1070 3240 1178 3290 ediderat.
1211 3245 1270 3292 Vide
1287 3246 1352 3292 Dion
1371 3248 1406 3292 lib.

196 3309 272 3354 decim
291 3309 346 3354 viris
366 3310 461 3353 istarum
480 3303 667 3350 ceremoniarum
682 3316 791 3360 procura-
822 3304 861 3349 liv.
889 3301 1011 3347 Censorio.
1030 3315 1082 3360 cap.
1103 3305 1127 3348 b.
1147 3307 1177 3350 de
1192 3307 1231 3352 die
1252 3308 1330 3356 nauli.
1359 3307 1403 3354 vat.

196 3371 293 3424 toribus,
312 3371 388 3427 ibique
400 3381 469 3414 sacra
477 3368 570 3412 fiebant.
603 3364 664 3409 Tum
681 3365 791 3409 inThea·
823 3362 922 3411 Maxim.
934 3363 972 3408 lib.
988 3362 1010 3406 ii.
1021 3378 1074 3420 cap.
1085 3366 1107 3410 4.
1140 3367 1207 3412 Alex.
1218 3371 1248 3414 ab
1260 3369 1325 3416 Alex.
1335 3370 1370 3415 lib.
1379 3371 1405 3414 vi.

196 3429 238 3475 tris
254 3432 360 3477 omnibus
372 3433 500 3476 edebantur
514 3428 569 3474 ludi.
601 3426 692 3472 Deinde
702 3425 790 3471 iunoni
822 3441 874 3484 cata
890 3425 924 3470 l9.
940 3426 1090 3481 praecaeteris
1109 3437 1187 3474 numm
1204 3429 1298 3489 Onupb.
1315 3431 1404 3478 rava.

199 3492 364 3548 supplicabant
385 3501 506 3538 matrona.
546 3487 668 3534 Postremi
694 3489 717 3533 in
742 3488 791 3532 tede
822 3503 866 3536 nec
882 3501 930 3534 non
952 3485 1025 3544 Sibyl.
1047 3501 1119 3534 carm.
1141 3493 1172 3535 ab
1192 3491 1324 3550 Opsopoeeo
1340 3493 1403 3541 edita.

197 3551 305 3596 Palatini
323 3560 359 3597 ter
380 3568 464 3598 novem
483 3552 550 3610 pueri
572 3549 717 3604 nobilissimi,
740 3549 792 3595 toti-
824 3550 912 3597 Zoslm.
927 3548 967 3594 lib.
985 3548 1008 3592 11.
1026 3547 1115 3598 Hister.
1129 3552 1169 3597 ubl
1185 3552 1302 3600 sitellam
1320 3555 1402 3602 scribit:

198 3613 298 3668 deinque
309 3614 409 3672 virgines
422 3615 536 3668 Patriciae,
553 3614 576 3658 in
593 3621 670 3657 ternos
682 3611 789 3670 utrinque
821 3611 909 3660 Eodem
919 3607 1031 3671 sacrificio
1045 3609 1076 3656 nd
1086 3616 1174 3673 tempta
1184 3615 1295 3674 mulceto,
1306 3616 1403 3664 cunrar-

198 3675 282 3718 cboros
293 3675 369 3730 divisi,
386 3675 467 3721 Graeci
477 3673 607 3731 Latinique
622 3688 678 3718 voce
688 3673 789 3730 Apollini
820 3690 858 3721 sats
872 3672 961 3720 adverti
975 3687 1040 3718 caetu
1050 3673 1190 3731 occidissem,
1207 3665 1284 3723 Ocluo.
1299 3679 1402 3738 ungarus

199 3733 327 3792 Dianaeque
347 3737 458 3794 hymnum
475 3739 641 3791 decantabant,
664 3750 734 3794 quern
751 3749 790 3780 ro·
822 3731 887 3784 tutta
900 3733 1024 3789 renouauit,
1040 3734 1202 3796 sacioranlcd,
1219 3738 1245 3787 1..
1257 3739 1402 3788 Csnnrimet

199 3794 283 3841 cirum
293 3797 403 3840 saeculare
423 3799 533 3852 Carmen,
555 3800 579 3842 in
594 3811 640 3855 quo
655 3800 791 3856 malaqute·
821 3796 914 3846 Manlio
923 3796 1007 3842 Publio
1021 3796 1082 3843 Coss.

199 3872 244 3916 que
256 3857 386 3914 deprecari,
405 3859 467 3903 bona
485 3862 620 3915 deposcere,
640 3860 710 3905 moris
732 3868 791 3905 crat.
855 3863 874 3906 l.
892 3857 983 3913 Praete,
1000 3857 1155 3922 siluummque
1164 3867 1244 3922 poterut
1254 3863 1348 3924 Diam]
1366 3863 1400 3910 Dii

198 3921 254 3971 Qun
265 3919 360 3977 quidem
371 3919 450 3964 omnis
466 3921 485 3964 si
501 3923 688 3976 observarentur,
704 3920 791 3967 incolu-
822 3923 917 3981 quidem
928 3935 1009 3966 omnes
1022 3921 1044 3965 in
1056 3922 1115 3968 ludis
1126 3926 1277 3972 secutaribus
1290 3925 1333 3972 ooli
1342 3927 1399 3972 debe·

199 3981 304 4026 mitatem
315 3979 424 4036 imperio,
450 3990 474 4025 et
488 3983 667 4038 prosperitatem
679 3993 791 4029 eternam
822 3987 895 4039 bant;
911 3980 1027 4039 praecipue
1049 3982 1103 4029 verb
1120 3985 1291 4034 invocabantur
1308 3987 1341 4034 isti
1356 3996 1398 4034 tta·

200 4043 291 4103 Sibylla
307 4043 354 4088 stris
376 4043 518 4087 camtinibus
535 4045 699 4100 spoponderat.
729 4045 790 4095 Qun-
822 4060 893 4103 quam
904 4042 1047 4106 'snsffisarrsr
1057 4054 1080 4090 et
1091 4049 1214 4094 auerrunci
1225 4049 1348 4106 malcrum
1357 4057 1398 4096 tuat

199 4115 295 4162 propter
306 4103 462 4149 curandorum
473 4104 571 4148 istorum
587 4104 658 4148 causis
669 4105 792 4150 Duumviri
824 4105 983 4164 qubdanuum
996 4106 1045 4162 sot,
1061 4122 1151 4155 meuses
1167 4111 1243 4168 Luna,
1259 4119 1330 4172 regat.
1351 4111 1396 4156 Tet-

199 4165 464 4223 primdmaTarquinio
476 4164 590 4221 Superbo,
601 4163 683 4220 posted
694 4165 793 4211 Decem·
825 4177 887 4215 tatur
906 4167 993 4214 zosim.
1011 4169 1051 4216 cit.
1073 4169 1205 4229 ibidemque
1227 4174 1322 4220 numina
1337 4172 1396 4218 arens

199 4226 251 4283 riri,
269 4229 369 4286 denique
389 4226 453 4287 Syutt
470 4226 592 4272 Dictatore
600 4226 738 4277 Quindecim
750 4228 793 4274 viri
825 4229 870 4276 illis
881 4229 1022 4276 solemnibus
1040 4232 1159 4289 placanda
1175 4233 1395 4292 recenseaturdupi·

198 4291 272 4334 eremi
292 4299 352 4334 sunt.
385 4289 462 4336 Ludos
487 4289 609 4333 saculares
636 4287 752 4333 institutos
777 4288 792 4334 is
822 4297 867 4348 ter,
889 4291 959 4344 Juno,
984 4291 1085 4349 Latona,
1107 4295 1198 4351 Apollo,
1225 4296 1309 4350 Diana,
1325 4296 1395 4351 Parce,

199 4349 276 4392 Numi
288 4350 403 4408 Pompilio
421 4351 460 4395 alil
479 4349 590 4402 scribunt,
609 4348 648 4393 ulii
667 4347 681 4394 a
699 4349 792 4395 Valerio
824 4352 904 4406 Ceres,
921 4351 998 4406 Pluto,
1015 4352 1164 4412 Proserpina.
1367 4381 1370 4389 ‹

199 4407 377 4464 Popucatatutti
385 4411 459 4456 veritis
468 4409 537 4468 longe
548 4416 600 4468 post
612 4419 788 4469 exactosreget.
850 4413 872 4456 2.
882 4411 995 4459 Lucidum
1003 4415 1132 4461 actitata.
1161 4417 1395 4474 Apollinempetitettt

198 4465 281 4521 Neque
293 4472 417 4526 scriptores
429 4472 617 4520 consentiuntde
629 4479 788 4528 temporeque
821 4471 931 4528 Dianam,
948 4489 987 4518 seu
997 4474 1074 4521 Solem
1083 4491 1112 4520 ac
1131 4415 1222 4521 innata
1233 4479 1267 4521 ita
1281 4478 1393 4533 compdlat.

199 4525 309 4572 celebrati
320 4531 420 4579 morunt.
453 4533 512 4580 Sunt
526 4529 640 4590 enlmqui
654 4531 790 4588 relirrtpost
857 4532 954 4580 Cokrsdv'
970 4535 1063 4596 Semper
1081 4540 1101 4582 et
1117 4535 1192 4596 culti]
1225 4537 1257 4583 lli
1279 4537 1356 4595 quippe
1369 4539 1393 4582 ab
