3032 4916
421 219 693 289 samnitium
710 211 854 286 LIBER
872 219 916 286 11.
937 225 968 284 b.
1258 225 1322 290 sat
1331 319 1334 326 Ι

53 377 140 442 Nec
153 351 245 443 'mala
258 395 307 438 me
322 373 449 436 ambitio
464 372 573 456 perdit,
586 392 642 434 nee
659 370 817 456 plumbeus
838 368 958 445 Auster,
966 381 1019 432 lita
1033 399 1109 446 neque
1123 401 1161 433 me
1172 383 1252 446 'prava
1270 403 1321 437 cor.

58 466 293 526 Autumnusve
308 461 422 540 gravis,
436 457 583 518 [ibitiuae
598 467 729 537 quaestus
744 453 875 514 acerbae.
968 447 1054 553 ¹9¹⁹}
1066 448 1176 556 agunta
1180 463 1256 510 neque
1266 467 1321 512 gn.

58 547 236 612 Matutine
248 545 353 632 Pater,
368 563 419 606 seu
432 542 512 604 lane
525 539 665 602 libentibs
680 539 776 614 audis,
887 586 891 595 .
917 522 1322 626 zossrbisss,f3c1um⁸⁰²rffizss

61 632 172 694 Unde
191 631 328 692 homines
344 648 469 774 operum
485 626 600 709 primos
610 626 741 705 vitoeque
753 621 875 686 labores
968 633 1033 678 aare
1052 632 1167 679 Libitina.
1222 666 1229 690 ,
1250 638 1321 684 Pater

64 717 258 792 Instituunt,
276 714 332 798 (sie
381 713 417 774 iis
432 709 590 795 placitum)
607 722 639 770 tu
654 706 797 770 carminis
811 720 874 768 esto
968 695 1321 814 ffiffiffimffl

66 801 288 884 Principium.
311 797 423 860 Romae
435 815 610 879 sponsorem
623 815 673 856 me
686 791 786 875 rapis:
801 790 873 873 Eja,
966 819 1322 877 „„,„,1„,„„„„,„ae„‚

67 885 127 948 Ne
144 886 235 972 prior
246 884 347 947 officio
359 884 516 964 quisquam
533 878 722 963 respondeat,
739 897 832 958 urges
968 891 998 926 cn
1017 873 1061 936 (aa
1081 881 1215 928 numinibus
1233 884 1321 946 places)

71 971 156 1033 Sive
171 967 287 1052 Aquilo
300 968 381 1030 radit
394 981 498 1041 terras,
513 985 566 1026 seu
578 965 688 1027 bruma
701 961 834 1024 nivalem
890 981 957 1044 [aaa]
968 951 1254 1064 ξζῆἲηιιιὸᾗῇξάΐῇᾞ
1263 961 1324 1065 222,

72 1055 236 1118 luteriore
249 1055 328 1116 diem
343 1073 421 1134 gyro
435 1050 536 1126 trabit,
549 1050 592 1110 ire
603 1068 726 1113 necesse
737 1060 792 1108 est.
917 1048 958 1104 26
968 1081 1005 1112 me
1013 1068 1177 1128 fidejussorem
1186 1071 1322 1130 „,„,g„,

74 1140 139 1201 aja,
155 1139 245 1201 inquis,
257 1152 365 1198 propera,
376 1151 406 1182 nc
421 1136 545 1196 quisquam
558 1133 684 1180 officiosior
695 1141 750 1178 ante
769 1130 918 1202 respondeat.
952 1128 1005 1175 Sive
1017 1129 1102 1188 Aquilo
1119 1130 1219 1191 stringat
1238 1139 1322 1192 terras,

74 1203 130 1249 sive
140 1203 229 1262 hyems
240 1200 363 1248 contrahat
371 1198 420 1245 dies
433 1195 526 1243 nivosos
531 1197 592 1242 ¹orbe
602 1194 717 1249 iutcriori,
725 1201 819 1251 oportet
828 1205 868 1238 ure.

590 1377 853 1428 iNNOTATlONES.

77 1585 159 1638 tyros,
168 1576 277 1632 Faunos,
288 1573 332 1621 irc.
364 1569 624 1620 tractationis.
645 1569 692 1616 Alii
722 1581 776 1615 rum
803 1568 890 1624 Deum,
911 1563 1113 1626 inquit,Macrob.
1135 1567 1176 1614 lib.
1196 1569 1210 1612 i.
1228 1567 1322 1618 Sanum.

78 1639 181 1684 melicis:
199 1639 262 1690 Quid
281 1635 359 1696 uptiis
378 1633 489 1692 scribam,
509 1631 579 1691 quim
597 1632 691 1686 satiras,
722 1645 776 1690 cap.
790 1631 810 1676 l.

78 1695 193 1747 orationi
202 1699 298 1758 quidem
307 1695 396 1752 stricti,
405 1697 447 1742 sed
456 1709 507 1754 qun
517 1695 598 1741 solutae
609 1693 690 1740 similis
752 1690 833 1752 lone]
853 1691 892 1738 Sic
904 1689 1044 1750 appellatur,
1052 1693 1115 1750 quod
1126 1693 1193 1750 quasi
1201 1693 1279 1754 janua
1293 1695 1324 1742 sit

79 1764 196 1808 videatur
206 1770 231 1807 et
241 1760 333 1820 vulgari
342 1757 443 1805 semmai
452 1756 561 1820 propior:
572 1771 600 1803 ac
612 1757 690 1814 proin·
722 1756 752 1802 ad
771 1769 857 1802 novum
874 1769 972 1810 anisum,
988 1753 1035 1800 imo
1047 1756 1078 1800 ud
1097 1770 1189 1802 menses
1205 1758 1324 1818 singulos,

80 1825 113 1870 sle
131 1837 202 1870 mura
213 1820 325 1884 pasceris
340 1821 420 1868 vocari
435 1829 514 1880 quast.
546 1819 606 1866 Vide
623 1819 690 1865 libi.
722 1817 1054 1876 omniaqueregattcmpora.
1087 1815 1241 1864 Macrobcit.

82 1883 137 1932 Sat.
148 1887 172 1932 4.
184 1901 205 1930 v.
216 1885 254 1930 40.
265 1892 289 1930 ct
300 1897 350 1942 seq.
755 1876 875 1926 Lbenliin
885 1877 971 1939 audis]
1000 1878 1048 1924 Seu
1057 1879 1130 1924 mavis
1143 1881 1257 1938 appellari
1268 1882 1324 1928 Janl

119 1949 155 1994 ts.
174 1945 302 1994 Plambcss
321 1943 423 2006 Arnim]
441 1943 529 1990 Gravis
546 1951 570 1989 et
584 1941 691 1990 tardiora
722 1941 825 1988 nomine.
857 1940 921 1986 Deos
933 1955 987 1987 suos
999 1940 1104 1999 plumbus
1114 1941 1273 2001 insigniebam
1283 1958 1324 2002 ap-

83 2009 192 2058 efficians
202 2021 311 2066 corpora
343 2006 395 2054 Lib.
407 2007 429 2052 ii.
442 2006 487 2054 Od.
500 2007 535 2056 14.
546 2020 569 2050 v.
582 2006 617 2052 lb.
722 2002 897 2062 penauontbus,
910 2004 1005 2050 honoris
1021 2004 1058 2048 vol
1071 2005 1235 2051 assentationis
1246 2005 1324 2052 causi.

149 2069 250 2118 anona
277 2074 436 2118 erautumnos
445 2072 563 2116 nocentem
723 2066 829 2113 Macrob.
862 2063 892 2112 ln
907 2064 978 2112 saeris
995 2066 1130 2112 invocamus
1145 2065 1234 2112 lanum
1251 2067 1325 2128 gemi-
1393 2079 1395 2084 ·

153 2083 295 2194 Corporibus
304 2136 432 2178 metuemus
442 2129 559 2178 limbum.
720 2141 786 2182 num,
803 2127 893 2174 lanum
909 2133 1010 2188 patrem,
1021 2127 1112 2174 lanum
1127 2127 1268 2185 ¹lumniam,
1283 2129 1324 2176 Jo-

119 2195 156 2246 m.
168 2195 327 2242 Memnone
336 2191 433 2254 gram]
445 2192 555 2239 Juvenal.
567 2191 618 2238 Sat.
626 2192 647 2239 4.
658 2191 689 2239 le·
720 2203 779 2238 amn
801 2188 935 2250 Quirinum,
952 2191 1042 2237 lanum
1067 2189 1213 2246 Conuiuium,
1234 2191 1325 2239 lanum

87 2257 206 2320 tisinum
220 2258 341 2316 appellant
357 2253 417 2302 beni
432 2256 536 2315 quidem,
554 2264 610 2302 tunc
626 2256 691 2302 enim
723 2251 858 2302 Patulcium
879 2256 901 2300 el
926 2251 1041 2308 Clusium,
1060 2249 1102 2298 iac.
1136 2252 1176 2300 Sic
1194 2261 1219 2300 ct
1237 2253 1323 2302 Horat.

87 2321 205 2368 acutiores
217 2319 292 2364 morbi
301 2325 357 2365 suut
366 2328 391 2364 et
398 2317 576 2375 frequentiores.
598 2317 689 2377 Hippo-
721 2313 801 2362 Caras.
813 2315 890 2361 Secul.
902 2330 922 2361 v.
933 2314 968 2366 14.

87 2393 147 2429 crat.
174 2379 281 2428 Galim
312 2379 386 2426 Idem.
399 2379 553 2425 Satniblo.
783 2375 1139 2438 nnananpanacrcmarrm

119 2469 212 2482 --
221 2442 339 2504 metuimus
350 2440 419 2505 jubel
432 2441 570 2504 &plumbum
579 2447 600 2490 et
610 2440 691 2492 Austri
785 2439 837 2488 Siue
849 2443 875 2486 lu
884 2439 982 2495 Lucina,
991 2438 1169 2501 probosoocan',

120 2505 257 2552 Adventum.
848 2502 894 2547 Seu
909 2501 1031 2549 Genitalis.

91 2567 229 2616 curantem
241 2567 355 2614 Horatius
372 2567 395 2612 iu
408 2566 450 2613 sui
463 2563 517 2612 villis
536 2582 583 2614 aon
601 2574 691 2613 metuat
752 2565 790 2610 22.
809 2563 847 2611 Sic
864 2563 917 2610 Diis
924 2564 1059 2626 placitum]
1077 2563 1108 2612 Ut
1125 2566 1251 2624 praesideas
1267 2575 1324 2630 tens·

91 2632 200 2677 Austrum
217 2631 242 2676 iu
252 2639 375 2686 autumno,
391 2630 499 2687 quamvis
515 2629 621 2686 nonium,
640 2632 691 2688 ipse
723 2627 819 2686 poribus
828 2637 852 2674 et
862 2627 953 2686 primus
965 2627 1087 2672 homiuum
1095 2627 1224 2685 laboribus,
1236 2631 1325 2690 desque

91 2693 192 2752 explieat
202 2693 241 2739 lib.
253 2693 267 2739 i.
279 2691 355 2752 Epist.
368 2693 403 2738 16.
413 2707 434 2736 v.
448 2693 482 2738 la.
492 2692 538 2738 sita
548 2706 633 2752 nempe
650 2691 690 2737 illa
722 2691 749 2736 iis
757 2690 814 2736 felix
823 2689 1132 2749 auspiciumrQuippetuin
1140 2690 1213 2736 Italia
1219 2691 1324 2752 primum

91 2753 220 2814 opportune
231 2764 255 2802 ct
265 2755 390 2802 sulubriter
400 2755 464 2800 haud
475 2755 609 2814 excipiebat
620 2753 690 2812 pesti-
722 2751 964 2814 Diblemplasecisti,
971 2755 991 2798 el
999 2751 1187 2799 nunionituisli
1194 2767 1326 2809 morantia,-

24 2859 27 2866 .
92 2819 163 2864 lentes
181 2817 338 2864 Ausriflatcu.
721 2813 784 2861 ande
799 2814 827 2861 in
842 2811 961 2876 sacrificiis
972 2812 1137 2875 prosationem
1152 2815 1259 2862 aceruisli
1271 2831 1325 2880 per·

124 2876 692 2934 Helalcbroeiudces,eliam,siereclis,amoenae,
720 2881 825 2938 petuam.
857 2875 1082 2948 Macrobjamxit.

123 2941 264 2990 incolumem
281 2939 324 2986 libi
340 2955 376 2987 me
393 2945 506 3002 proestaut
524 2939 693 3004 Septembribus
758 2935 874 2984 Carminis
884 2937 1106 3000 esloPnneipium.]
1123 2937 1189 2985 Faue
1200 2940 1325 2988 mibihanc

183 3002 251 3051 m
725 2998 823 3045 raficam
834 2999 966 3046 exordienti
975 3000 997 3046 in
1010 2999 1055 3060 qui
1067 3003 1164 3046 urbane
1174 3003 1227 3048 vitas
1238 3003 1325 3050 incom-

125 3061 230 3112 Libiline
243 3067 342 3126 quanm
352 3063 458 3124 acesim]
476 3063 584 3110 Pluribus
596 3064 659 3112 enim
669 3065 693 3110 in
725 3064 796 3107 moda
807 3060 950 3116 imamtinis
961 3061 1024 3108 boris
1035 3077 1173 3122 persequor.

97 3136 205 3174 autumno
217 3126 379 3180 morientibus,
396 3125 511 3186 majorem
523 3133 637 3184 quartum
652 3127 692 3171 ba·
755 3123 793 3168 23.
811 3123 888 3171 Roma
899 3135 1031 3184 sponsorem
1040 3139 1077 3172 me
1092 3123 1176 3186 rapis]
1211 3125 1265 3174 Hoc
1279 3129 1326 3187 pri·

98 3193 152 3235 beat
162 3187 185 3244 ii,
195 3187 235 3245 qui
247 3187 367 3232 funeribus
379 3187 532 3246 procurandis
547 3189 692 3245 incumbunt,
724 3200 789 3231 mum
800 3194 836 3232 est
851 3186 1035 3243 incommodum,
1049 3187 1114 3246 quod
1128 3199 1173 3244 pro
1188 3188 1241 3234 aliis
1256 3203 1325 3250 apon-

98 3249 151 3296 dicti
163 3248 300 3304 Libitinam,
319 3247 334 3296 i
346 3247 449 3296 libitinis
465 3251 573 3295 lunarum
585 3249 645 3307 dei,
662 3251 692 3296 de
724 3248 780 3294 dere
792 3249 927 3306 frequenter
938 3263 1034 3296 necesse
1045 3249 1083 3306 sit,
1102 3261 1131 3294 ac
1148 3249 1279 3299 forensibus
1290 3261 1326 3300 tu·

99 3311 144 3372 qui
159 3311 197 3358 lib.
207 3312 240 3358 iii.
257 3311 300 3359 oo.
312 3312 350 3357 30.
376 3311 468 3358 Seneca
477 3315 500 3358 li.
511 3313 548 3360 De
565 3311 692 3370 beneficiis,
723 3311 834 3356 mullibus
845 3310 965 3358 interesse.

100 3381 214 3434 comparat
223 3382 278 3420 vota
286 3387 377 3432 eorum,
386 3373 426 3434 qui
437 3382 578 3422 testamenta
586 3383 692 3434 captant,
753 3373 791 3418 24.
806 3375 843 3422 No
853 3372 919 3434 prior
927 3372 1017 3436 officia]
1046 3371 1083 3420 Ne
1094 3372 1157 3419 desis
1169 3374 1254 3433 amieo,
1265 3379 1325 3426 neri.

101 3437 216 3483 convotis
227 3437 434 3494 Libitinariomm3
454 3451 539 3496 nempe
555 3437 647 3498 utrique
658 3438 691 3482 lu-
723 3443 759 3482 ter
774 3435 880 3491 subs-cni,
895 3435 1043 3481 laborantem
1062 3435 1085 3481 iu
1100 3435 1193 3496 judicio
1215 3445 1280 3487 tuere
1300 3451 1325 3488 et

102 3499 132 3546 cri
150 3497 221 3560 gratiis
239 3507 340 3546 mortem
359 3499 480 3545 bominum
498 3497 601 3558 cupiunt,
620 3501 691 3546 enam
717 3498 793 3558 juva5
804 3499 906 3544 officium
918 3501 1007 3555 prebe,
1016 3497 1064 3543 siue
1073 3513 1116 3557 per
1123 3499 1214 3558 hyemis
1225 3502 1323 3564 frigora,

102 3562 228 3606 amicorum.
261 3561 316 3609 Huc
324 3561 381 3608 verb
389 3562 507 3621 precipui
516 3562 581 3618 lacit,
590 3563 653 3622 quod
661 3578 690 3609 ex
723 3559 771 3606 sive
782 3575 824 3619 per
836 3559 959 3620 angustias
970 3559 1062 3606 dicrum
1073 3559 1270 3612 brevissimorum.

103 3624 198 3670 instituto
217 3623 292 3670 servit
307 3623 378 3679 Tulli,
395 3623 463 3670 Rom.
479 3625 550 3686 regis,
568 3633 691 3672 nascentes
752 3625 790 3668 25.
807 3621 912 3684 Aquilo]
941 3621 1136 3680 Septentrionalis
1152 3634 1240 3683 ventus,
1256 3628 1270 3675 i
1285 3645 1323 3675 vc·
1357 3633 1358 3642 ¹

103 3688 275 3732 recensebantur
289 3685 313 3732 in
325 3689 374 3732 ede
385 3685 486 3732 lunonis
498 3687 607 3744 Lucina,
620 3689 690 3746 pube·
722 3685 898 3731 hamentissiuro
916 3685 991 3730 instar
1002 3685 1086 3744 aquile
1100 3687 1179 3734 volatu
1191 3689 1275 3748 dictus,
1292 3707 1321 3739 ex

104 3761 136 3794 ses
144 3747 287 3803 intumum
296 3749 422 3796 morientes
432 3749 455 3795 in
465 3747 562 3795 Veneris
572 3749 690 3806 Libitinus,
723 3747 802 3793 Festo.
818 3747 907 3792 Gracia
917 3745 1016 3802 Boreas,
1027 3746 1080 3793 'ani
1092 3747 1132 3798 cie
1141 3747 1203 3808 iuis,
1215 3751 1308 3801 bbootu
1314 3769 1324 3808 ;

104 3823 190 3855 nummo
208 3810 302 3868 quidem
321 3811 472 3872 prosiugulis
489 3813 576 3857 delato.
593 3811 691 3871 Dionys.
723 3809 835 3867 quoniam
854 3809 901 3855 sint
918 3808 1014 3856 violenti
1031 3813 1100 3859 lictus
1117 3821 1141 3860 et
1159 3815 1246 3862 sonori.
1263 3817 1323 3864 Gell.

105 3871 173 3918 Hauc.
189 3871 228 3917 lib.
240 3873 268 3916 iv.
288 3873 351 3918 Hinc
369 3871 464 3920 Sueten.
483 3873 571 3920 Neron.
591 3887 643 3933 cap.
654 3875 691 3920 39.
723 3871 761 3917 lib.
773 3871 796 3917 ii.
806 3887 857 3930 cup.
869 3873 907 3917 22.

107 3933 214 3980 l'onlirea
221 3931 326 3995 principe
334 3935 402 3982 malis
409 3933 545 3998 probrisque
553 3941 691 3983 omenes-unt
754 3933 863 3994 Bruma]
896 3935 1026 3982 Adiensm
1045 3938 1158 3986 brevitate
1179 3940 1273 3997 dicitur,
1292 3956 1322 3988 es

104 3995 199 4058 prodam
210 4001 232 4043 ct
244 3995 508 4068 fmlnila:.pcsliientio
518 3999 589 4044 unius
599 4003 692 4044 antum-
723 3997 829 4044 Varrone
840 4003 863 4044 ct
875 3995 939 4044 fest.
971 4000 1015 4046 alii
1032 4001 1121 4050 sactum
1136 4017 1222 4050 nomen
1237 4011 1323 4061 putant

105 4056 422 4167 usuc
722 4051 1024 4172 ms

221 4137 226 4150 ¹
325 4155 330 4166 .
771 4141 883 4170 o...
945 4141 1125 4173 .or.s.s.
1180 4141 1321 4174 caus...

132 4185 164 4228 bi.
178 4181 291 4230 Matutine
306 4181 398 4246 Palen]
415 4185 489 4232 Janus
497 4185 583 4233 dicitur
594 4185 691 4234 Mutati·
722 4187 822 4244 Bruma,
831 4187 1005 4234 sivemlstitium
1018 4143 1244 4250 bgyemslmfflvid.
1256 4187 1321 4236 Fast.

106 4257 144 4292 nist
159 4244 172 4290 i
185 4243 286 4300 Matuti,
305 4246 355 4292 sive
374 4247 479 4302 nutari,
497 4258 520 4294 ct
538 4250 601 4308 quod
621 4249 691 4294 mani
722 4250 737 4295 i.
746 4258 782 4295 est
793 4250 849 4296 dies.

107 4307 182 4365 primm
193 4307 350 4365 invocaretur,
361 4316 385 4356 ut
397 4309 437 4368 qut
448 4312 591 4369 temporibus
603 4312 689 4370 presit,
752 4310 989 4371 romanensis·
1053 4309 1247 4363 manumissio.

108 4370 689 4431 acvelutremmomniumincipiendacumauctor.
751 4375 789 4426 25.
806 4374 991 4437 lateriorcgyro.
1037 4373 1142 4420 Breviori
1157 4379 1321 4423 cursuetarn·

108 4433 180 4477 Amob.
194 4431 234 4478 lib.
247 4433 277 4479 iii.
313 4432 385 4490 Quem
397 4434 522 4482 iniunctis
536 4439 590 4482 ante
604 4433 693 4497 partilis
721 4436 771 4482 bitu
782 4437 895 4482 circulum
907 4439 1032 4490 minorem,
1041 4441 1121 4493 utpote
1129 4436 1168 4494 qui
1177 4444 1259 4483 centro
1267 4453 1321 4498 pm.

108 4491 202 4553 precibus.
227 4495 258 4542 Et
269 4495 492 4559 stibulacipiumm
507 4511 549 4560 ego
560 4495 691 4546 solemailer
721 4498 834 4558 priorsit,
851 4500 900 4544 sole
915 4499 939 4544 in
956 4496 1113 4554 Capricornus
1129 4499 1276 4556 decurrente,
1292 4516 1321 4546 sc

26 4573 33 4592 ο
109 4551 396 4621 ail'mmelaoslropatre.
723 4561 907 4607 breviorcshinc
923 4556 1093 4604 diesssciente.
1126 4557 1181 4606 Seii.
1197 4559 1221 4606 in
1236 4562 1322 4620 spheri

137 4615 213 4681 run]
229 4619 318 4670 Jontsm
329 4633 435 4673 tammus
442 4619 547 4682 Patrem,
563 4619 630 4688 quasi
639 4622 691 4672 deo·
723 4621 805 4670 nostris
820 4619 917 4682 obliqui
927 4618 1043 4680 hyemalis
1054 4620 1159 4680 tropicus
1170 4622 1204 4668 ita
1217 4623 1248 4668 ab
1260 4622 1322 4667 bori-
