3106 4910
598 233 841 298 APPENDIX.
1272 243 1330 302 301

101 386 180 451 Item
195 405 305 448 aemma
319 391 438 468 quarta,
463 379 574 444 decima
612 381 708 457 uinta,
731 380 839 466 quattu
858 387 885 440 et
902 379 1046 443 uicesima.
1086 379 1249 446 Tricesima
1266 385 1334 446 oerd

97 471 204 556 prima
218 469 291 530 adesi
306 466 447 552 assurgit,
471 475 504 527 ut
517 403 613 550 sacili
620 463 881 550 probetjudiciom
894 473 1035 528 nostrum.
1063 465 1104 528 Ν
1100 489 1130 528 ec
1143 466 1266 551 inferior
1280 467 1335 530 tri-

101 554 212 617 cesima
246 553 341 614 uinta.
922 609 925 616 .

149 575 250 700 Porri
269 641 299 697 2.
322 634 394 697 Lib.
413 634 515 718 prima
538 631 603 695 Ode
622 645 663 694 est
681 631 837 717 altiloquo,
855 631 930 694 sicud
949 643 976 696 et
995 633 1099 719 quinta
1113 633 1233 698 dommo.
1267 633 1336 699 Par

101 721 229 806 spiritus
243 721 275 782 in
291 719 503 782 undevicesimo
518 727 546 780 ct
557 717 743 863 inminenti.
1074 774 1106 824 θ

153 804 214 867 Sed
233 820 260 866 et
280 809 309 865 3.
333 801 403 866 Izib.
422 803 523 888 prima
542 801 589 864 die
646 800 659 861 i
676 823 785 885 genere
805 801 910 886 magni
984 811 1095 864 structa
1119 813 1170 880 est,
1178 805 1296 888 pariter
1310 813 1336 864 et

103 889 247 951 secunda.
286 886 469 950 Tertiaoerd
479 885 666 975 grauissima.
697 885 882 986 Quintauec
923 885 1032 948 induro
1045 887 1122 949 cedit
1136 909 1218 950 acue
1233 889 1337 972 quinta

105 973 237 1057 quidem.
271 971 353 1057 Quin
367 981 448 1032 scuta
462 991 574 1067 quoque
589 967 727 1031 altissime
741 977 837 1055 sonat.
866 967 965 1032 Haud
972 971 1069 1055 pauli
1080 971 1177 1034 minor
1191 983 1273 1034 secta
1287 971 1338 1034 de-

106 1059 196 1120 cima.
225 1056 268 1118 dt
282 1055 413 1118 uicesima
426 1052 624 1137 nononneipit
636 1051 802 1116 lenissimi:
821 1063 881 1114 tum
894 1056 962 1118 oerc'
973 1077 1084 1139 semper
1096 1057 1229 1142 assurgit
1242 1059 1274 1118 eo*
1289 1079 1338 1118 ns·

152 1162 176 1218 e,
189 1163 247 1224 qao
258 1161 340 1202 nemo
352 1138 478 1201 aliorum
482 1139 639 1223 peruenire
644 1137 751 1222 possit.
785 1135 898 1200 llltimi
910 1138 1035 1222 ejusdem
1046 1139 1116 1202 libri
1127 1140 1241 1203 miscuit
1250 1141 1338 1204 etiam

97 1163 216 1309 iditum
230 1242 293 1286 eum
306 1223 463 1307 majestate.
1028 1248 1031 1263 ·

155 1310 275 1394 Quarta
289 1307 359 1370 Lib.
384 1309 424 1369 ἰν.
443 1303 727 1404 projectd‘aliarum
746 1303 824 1367 nulli
842 1305 918 1367 cedit
935 1305 1199 1392 magniloquentib.
1240 1307 1339 1391 Quam

106 1415 174 1478 qum
188 1393 328 1476 sequitur,
344 1402 459 1453 tamone
473 1394 506 1452 eb
517 1408 577 1452 non
593 1391 718 1472 aspirat,
731 1389 763 1450 in
778 1389 878 1451 sidem
896 1399 991 1452 tamen
1010 1389 1073 1452 lnce
1087 1403 1220 1452 uersatur
1228 1414 1242 1466 ‚·
1266 1391 1340 1452 ucat

106 1489 240 1553 ccccmo,
265 1497 329 1561 qma
344 1475 431 1538 simul
452 1476 549 1536 nitore
588 1473 696 1535 nodam
714 1473 873 1536 renudatis
885 1473 1010 1558 perfusa
1025 1484 1080 1536 est.
1117 1473 1341 1537 Non-altioret

104 1562 253 1624 seuerior:
275 1559 373 1645 qualis
387 1570 415 1620 et
429 1568 539 1643 quarta
553 1495 684 1620 bama:
705 1579 757 1619 nec
771 1559 867 1620 minor
882 1581 944 1621 eam
955 1577 1085 1644 sequens.
1128 1589 1132 1597 ¹

247 1663 393 1706 recensere
407 1653 524 1704 coactus
537 1661 610 1718 sam,
633 1654 666 1706 ut
685 1643 779 1704 uirum
796 1645 956 1719 marimum
974 1644 1171 1728 acquestiam
1193 1643 1262 1706 dam
1280 1643 1340 1728 ipsi

107 1729 250 1791 Pindaro
263 1728 297 1788 in
312 1727 388 1788 bisce
402 1723 618 1812 conserendum,
634 1727 653 1788 d
668 1727 816 1790 calumnii
830 1729 1017 1791 uindicarem.
1058 1729 1144 1792 Nam
1158 1739 1185 1792 et
1199 1728 1337 1791 Pindaro

109 1808 280 1874 accuratior
291 1822 342 1888 est,
354 1821 381 1872 et
394 1812 543 1873 sententiis
559 1810 696 1888 crebrior,
708 1833 801 1896 neque
815 1811 881 1888 sibi,
894 1823 926 1874 nt
941 1813 1001 1888 ille,
1014 1813 1173 1910 indulgens
1184 1837 1194 1874 .·
1214 1813 1265 1876 sed
1278 1835 1338 1876 nou

108 1897 172 1958 sine
187 1895 333 1958 aedituis
347 1896 518 1972 moerentid,
541 1895 642 1958 audac
656 1896 697 1958 ad
713 1917 777 1958 eam
837 1897 998 1958 astundam
1012 1899 1253 1982 ncugnntudinem
1275 1919 1340 1995 oua

107 2003 204 2064 noque
216 1979 265 2042 illi
280 1980 371 2057 oncri,
387 1991 413 2042 et
436 1979 520 2042 nobis
539 1979 681 2044 miraculo
695 1981 742 2042 sit.
779 1917 865 2043 denec
879 1982 956 2044 nibil
979 1981 1080 2045 lanum
1094 1993 1144 2061 est,
1167 1983 1244 2044 nibil
1258 1982 1339 2044 linat:

108 2065 210 2126 omnio
223 2065 365 2140 coicerent,
378 2065 423 2127 ita
435 2075 462 2126 et
475 2087 566 2127 unum
578 2075 639 2128 totu
653 2064 707 2127 illa
720 2087 778 2127 esse
792 2066 957 2129 uideantur.

157 2148 279 2212 Caterm
298 2149 459 2212 Canticum
468 2150 582 2234 partim
595 2149 628 2211 in
643 2150 748 2212 bumili
762 2151 878 2212 dicendi
892 2151 976 2234 stylo,
991 2163 1024 2214 nt

362 2271 451 2336 Vitas
465 2274 609 2338 hinnuleo
623 2297 672 2338 me
687 2275 791 2338 similis
807 2274 920 2356 Chloe,
934 2278 989 2342 bec.

109 2357 156 2422 Et
362 2358 411 2422 Ne
426 2360 464 2422 sit
476 2359 597 2424 ancillae
612 2361 667 2422 tibi
682 2379 768 2424 amor
782 2361 910 2446 pudori:
926 2364 981 2425 &a

108 2485 190 2550 Alia
203 2486 235 2547 in
251 2485 399 2564 mediocri,
414 2497 446 2548 ut
460 2485 544 2548 illa:

360 2608 517 2674 Maecenus
532 2611 629 2674 atavis
644 2612 722 2676 edite
736 2614 878 2696 regibus:
893 2615 949 2679 &a

110 2690 154 2755 Et
361 2693 467 2758 Otium
483 2695 582 2760 Divos
594 2712 685 2780 rogat
696 2700 728 2760 in
739 2701 865 2784 putenti,
881 2701 937 2762 &u

156 2832 273 2910 Omnes,
288 2835 420 2918 inquom,
443 2845 532 2897 tanta
547 2844 615 2896 suut
636 2841 806 2913 venustatis,
821 2845 854 2898 ut
867 2833 941 2906 mibi
963 2843 991 2898 et
1014 2834 1082 2901 aliis
1098 2835 1342 2920 prudentioribus

111 2939 220 2980 omnem
235 2919 396 2981 ademerint
410 2941 488 3002 spem
503 2919 607 2982 talium
620 2919 794 2982 studiorum.

152 3000 234 3064 Inter
248 3002 324 3063 alias
339 3005 417 3080 verb,
430 3004 505 3064 duas
517 3003 721 3079 animaduerti,
734 3003 839 3100 auibsn
849 3025 886 3066 nc
898 3003 1074 3069 ambrosiam
1100 3065 1101 3068 ,
1125 3005 1202 3068 idem
1214 3017 1266 3069 aut
1276 3029 1343 3070 nec-

111 3101 157 3147 tor
172 3085 307 3147 dulciora
351 3098 437 3148 atem.
480 3086 589 3148 Altera
600 3097 641 3150 est
655 3093 685 3150 3.
708 3087 780 3150 Inb.
804 3088 844 3150 iv.
889 3088 990 3172 Quem
1013 3103 1045 3154 tu
1068 3027 1271 3174 biilpomenu
1287 3094 1341 3154 &a

110 3169 217 3233 Altera
229 3191 309 3231 nona
321 3107 392 3231 iio.
404 3171 448 3233 iii.
492 3169 602 3232 Donec
617 3186 722 3253 gratus
734 3193 816 3234 eram
829 3174 894 3250 tibi.
943 3173 1079 3260 Quarum
1089 3175 1197 3238 similes
1209 3175 1309 3239 malim
1324 3177 1343 3239 ὰ

111 3275 152 3316 mc
171 3253 355 3338 compositus,
374 3276 463 3338 quam
480 3253 728 3340 Pytbiooicarusn
745 3256 851 3320 multus
868 3257 1003 3322 Pindari
1026 3269 1054 3322 et
1070 3259 1112 3321 Ν
1109 3260 1343 3324 emeonicarum:

112 3359 236 3424 qnorum
257 3337 366 3400 similes
385 3338 485 3402 malim
503 3341 702 3440 composuisse,
723 3363 811 3426 quam
834 3365 893 3407 csse
917 3343 1006 3405 totius
1029 3343 1262 3407 Tarraconensis
1280 3369 1341 3408 rea.

152 3421 195 3484 ‚u
210 3423 324 3484 tametsi
338 3433 397 3485 tam
410 3424 568 3509 magnifice
582 3425 617 3488 de
632 3425 759 3488 Horatii
779 3425 970 3492 Criminibus
983 3428 1097 3498 sentio:
1111 3440 1207 3498 iumen
1229 3429 1341 3494 dabunt
1375 3485 1377 3488 Α

111 3507 239 3602 ingenuo
256 3505 406 3594 nobilique
424 3492 544 3598 pudori-
559 3521 659 3576 nostro
681 3511 796 3573 oeuicm
813 3512 948 3591 studiosi,
962 3511 1055 3577 sicubi
1074 3514 1161 3578 etiam
1179 3517 1341 3600 optavimus

106 3604 241 3676 potiora.
