3106 4910
187 217 247 277 300
570 199 760 267 DACERII
783 199 1034 264 PRAEFATIO.

187 366 214 417 rt
227 352 322 437 prius
331 349 440 414 Satira
478 371 558 425 enas,
572 349 653 434 quod
666 371 726 412 non
740 347 833 411 solim
848 347 1009 410 carminum
1021 346 1163 408 uarietate
1176 347 1296 410 mistum
1318 347 1443 412 candi-

187 439 232 500 dit
250 436 404 498 Terentius
425 371 538 510 Virro,
550 435 596 495 uir
610 434 814 498 Romanorum
828 432 1039 494 eruditissimus
1047 452 1060 504 ,·
1074 433 1159 512 cujus
1175 432 1234 494 loci
1250 434 1345 497 unica
1365 436 1439 496 dir'-

187 522 306 584 ficult'as
321 522 352 581 in
367 541 403 581 eo
419 520 517 602 posita
531 533 585 594 est,
598 517 681 600 quiid
697 517 827 581 affirmat
840 515 1048 596 Quintilianus
1060 517 1139 578 banc
1152 515 1286 578 Satiram
1302 516 1437 580 Varro-

186 608 310 668 nianam
332 604 423 665 luisse
438 604 580 687 priorem.
624 601 696 681 Quo
719 601 799 664 enim
824 616 914 684 pacto
935 599 1009 660 illud
1034 600 1099 660 lieri
1113 601 1221 684 potuit,
1236 602 1309 662 cum
1332 617 1433 664 aetate

187 691 282 752 multo
298 689 446 770 posterior
462 687 583 750 Lucilio
598 686 687 748 suerit
702 684 825 747 Varro?
840 685 883 746 At
897 684 1029 744 Satiram
1045 682 1195 744 Varronis
1210 699 1352 766 tempore
1363 688 1431 768 pri-

187 796 270 838 orem
294 774 394 848 luisse,
418 793 456 833 ea
469 793 541 834 vero
565 791 627 833 non
648 783 694 830 est
708 768 891 850 Quintiliani
915 789 1009 842 mene,
1024 768 1137 850 quippe
1152 768 1203 848 qui
1219 771 1316 850 probe
1333 772 1429 834 sciret

186 878 254 921 eam
269 858 370 920 multis
386 857 473 920 annis
486 856 576 918 tuisse
591 854 797 916 recentiorem.
825 852 862 916 ld
878 853 983 927 voluit,
1000 852 1132 915 Satiram
1146 853 1226 914 banc
1239 853 1283 914 ita
1298 855 1425 916 mistam

187 943 285 1024 magis
297 941 495 1024 compositam
510 961 575 1002 esse
586 940 627 1002 ad
642 938 736 1000 Ermii
751 951 781 1000 et
794 935 934 1012 Pacuvii,
950 936 1046 1016 quiin
1061 936 1167 998 Satiris
1180 937 1240 998 suis
1252 938 1355 1001 multa
1366 939 1423 1002 sibi

187 1029 277 1088 licere
291 1027 461 1101 voluerunt,
477 1025 567 1106 quim
584 1025 624 1086 ad
639 1023 752 1084 Lucilii
765 1021 947 1103 exemplum,
961 1021 1014 1102 qui
1025 1041 1125 1082 musas
1137 1020 1232 1084 coluit
1242 1024 1420 1086 severiores.

227 1110 314 1172 Nihil
338 1112 425 1172 nobis
449 1123 540 1172 restat
554 1109 644 1172 bodie
659 1129 697 1168 ex
721 1105 869 1168 Varronis
885 1105 1002 1180 Satiris,
1018 1119 1128 1187 praeter
1143 1105 1315 1186 fragmenta
1334 1127 1421 1188 quae
1524 1137 1541 1175 ,π

187 1197 268 1271 dam,
284 1216 379 1275 eaque
403 1196 568 1256 inanimam
592 1193 623 1254 in
639 1205 754 1275 partem
770 1191 1006 1272 corruptissima,
1019 1189 1191 1270 titulosque,
1207 1211 1339 1270 quorum
1354 1193 1422 1273 plu-
1524 1200 1527 1209 '

188 1281 256 1343 rimi
280 1293 350 1340 suut
372 1279 519 1360 duplices,
535 1278 586 1360 qui
609 1277 724 1340 indicio
747 1289 825 1351 sunt,
841 1288 956 1356 quanta
978 1287 1054 1336 esset
1068 1274 1197 1336 varietas
1211 1276 1421 1352 materiarum,
1526 1284 1529 1293 '

188 1387 262 1447 quas
278 1363 379 1426 Varro
393 1363 456 1424 illic
469 1376 661 1424 tractaverat

230 1450 356 1509 Senecae
371 1448 655 1529 Apocolocyntosis,
672 1445 775 1508 Raetii
791 1448 829 1508 de
844 1445 1063 1508 Consolatione
1075 1441 1425 1526 Philosophiaelibeltus,

187 1547 217 1594 et
239 1533 376 1594 Petronii
399 1532 516 1592 Arbitri
540 1531 703 1610 Satyricon
718 1545 787 1592 sunt
802 1530 914 1592 Satirae
929 1529 1129 1590 Varroniauis
1152 1529 1278 1590 omnino
1296 1531 1419 1592 similes.

230 1616 309 1677 Haec
333 1617 426 1676 habui
449 1616 487 1676 de
511 1615 619 1675 Satiris
643 1616 674 1674 in
698 1637 809 1695 genere
833 1614 980 1676 dicenda:
1005 1613 1093 1694 plura
1116 1613 1147 1674 in
1162 1613 1220 1673 hoc
1235 1629 1421 1693 argumento

186 1702 332 1762 disserere
354 1719 577 1781 supervacuum
600 1711 686 1759 esset
740 1698 777 1760 In
801 1699 879 1758 notis
904 1699 1011 1758 nostris
1038 1697 1228 1758 commodior
1251 1699 1309 1758 erit
1333 1698 1421 1760 locus

186 1784 428 1848 Horationarum
452 1783 631 1864 Satyrorum
648 1794 785 1846 naturam
800 1782 973 1842 enarrandi.
1014 1779 1134 1842 Interea
1148 1780 1223 1844 illud
1237 1783 1328 1844 velim
1353 1785 1422 1844 ani·

187 1870 358 1932 madvertat
373 1867 496 1942 Lector,
509 1867 654 1928 Latinum
669 1864 862 1927 Vocabulum
880 1865 990 1926 Satires
1002 1878 1063 1926 tam
1079 1865 1240 1944 designare
1255 1865 1422 1930 Sermones

186 1955 239 2035 qui
256 1953 405 2016 Virtutem
429 1953 651 2025 commendent,
667 1950 759 2030 quarn
783 1950 835 2030 qui
853 1949 928 2011 stitia
943 1949 1133 2010 insectentur.
1171 1947 1309 2012 Omnino
1332 1951 1423 2014 aliter

189 2061 221 2100 se
236 2059 282 2099 res
297 2040 388 2099 babet
403 2037 435 2098 in
450 2036 556 2116 lingui
569 2035 681 2110 nostri,
694 2035 745 2096 ubi
758 2033 806 2094 vel
819 2054 929 2094 nomen
941 2033 1039 2115 ipsum
1053 2032 1164 2094 Satirae
1176 2046 1322 2096 terrorem
1334 2037 1422 2100 iucu-

187 2119 223 2183 tit
246 2123 315 2196 illis,
331 2123 383 2203 qui
407 2141 437 2180 se
461 2120 604 2182 simulant
626 2120 657 2180 id
681 2140 744 2182 esse
768 2117 851 2200 quod
865 2139 927 2178 non
951 2133 1037 2194 sunt3
1052 2119 1133 2198 apud
1149 2139 1202 2178 nos
1217 2119 1298 2182 enim
1313 2121 1422 2184 audito

188 2206 300 2267 Satirae
316 2205 438 2266 nomine
452 2204 612 2266 convicium
632 2203 820 2283 intelligitur.
864 2201 983 2264 Eadem
1000 2215 1100 2264 tamen
1114 2203 1274 2284 utrobique
1289 2225 1351 2266 vox
1366 2220 1422 2268 est.

189 2289 251 2351 Sed
275 2289 379 2350 Latini
403 2289 580 2370 plerumque
602 2289 632 2350 in
646 2288 793 2350 librorum
809 2287 902 2348 titulis
917 2300 1113 2368 respexermrt
1126 2287 1210 2347 vocis
1225 2287 1318 2369 ipsius
1333 2305 1422 2363 natu·

189 2395 264 2450 ram,
279 2389 308 2435 et
322 2374 471 2454 integram
488 2372 751 2453 significationem,
767 2393 858 2453 quarn
874 2372 964 2432 habet
977 2392 1015 2432 ex
1037 2371 1235 2451 etymologia,
1251 2373 1321 2436 cium
1337 2372 1421 2436 Galli

188 2458 351 2540 respiciant
366 2458 496 2541 primum
511 2471 541 2519 et
555 2457 787 2538 frequentiorem
802 2456 886 2517 vocis
901 2477 998 2531 usum,
1014 2455 1207 2537 tributaejam
1222 2457 1292 2520 inde
1306 2459 1347 2520 ab
1362 2459 1424 2522 iui-

188 2544 231 2606 tio
247 2543 378 2604 dicteriis
392 2557 423 2603 et
434 2541 714 2604 obtrectationibus.

232 2627 402 2688 Scribenda
417 2639 517 2689 autem
532 2647 568 2688 ea
582 2647 645 2688 vox
660 2625 773 2688 Latine
788 2648 842 2710 per
853 2648 874 2688 a
888 2625 934 2688 vel
950 2625 1039 2708 peri,
1056 2625 1176 2690 Gallice
1192 2648 1245 2709 per
1259 2626 1420 2710 isimplex.

190 2711 253 2794 Qui
266 2734 320 2794 per
334 2711 560 2858 {ferillsefflms
576 2712 597 2772 ii
610 2731 678 2773 cum
696 2709 864 2795 scaligero,
879 2709 1018 2786 Heinsio,
1033 2711 1193 2791 multisque
1203 2711 1271 2772 aliis
1284 2714 1420 2776 credide-

189 2811 268 2873 runt,
283 2818 322 2858 ex
371 2797 522 2859 umbribus
541 2795 685 2871 Rusticis,
701 2817 777 2877 quos
794 2796 898 2858 Graeci
916 2807 1031 2876 tamese,
1039 2794 1173 2857 Romani
1194 2794 1328 2872 Faunos,
1344 2819 1420 2862 naa

189 2884 353 2965 repebant,
366 2881 488 2944 nornine
500 2882 583 2942 dicta
595 2881 683 2943 fuisse
695 2881 842 2961 ejusmodi
856 2883 1010 2962 poemata,
1024 2880 1100 2961 eque
1112 2901 1187 2942 voce
1202 2878 1336 2964 Satyrus,
1347 2882 1421 2946 due-

189 2982 252 3029 tarn
268 2987 374 3029 vocem
391 2964 503 3047 Satyra
512 2989 524 3038 ,·
540 2966 612 3027 istas
627 2980 776 3048 praeterea
793 2963 917 3047 Satyros
932 2965 1117 3026 carminibus
1133 2963 1313 3026 Graecorum
1331 2965 1420 3049 Saty·

189 3051 258 3113 rics's
280 3051 371 3113 valde
395 3049 484 3112 fuisse
505 3050 627 3110 affines:
643 3051 726 3131 quod
740 3071 804 3111 esse
819 3050 1009 3111 salsissimum
1025 3047 1190 3132 luculenter
1204 3050 1421 3114 demonstravit

190 3137 404 3210 Casaubonus,
426 3135 478 3196 uhi
499 3135 588 3196 docet
609 3135 628 3194 a
650 3133 776 3216 Satyrus
796 3156 835 3196 ex
848 3134 993 3214 analogiis
1013 3133 1137 3194 sornrari
1153 3155 1213 3196 non
1231 3131 1353 3216 Satyro,
1368 3137 1422 3201 sed

192 3219 341 3303 Satyrus,
356 3220 580 3303 plurimumque
605 3219 748 3280 interesse
762 3220 839 3281 inter
855 3219 1034 3281 Graecorum
1050 3218 1202 3298 Satyrica,
1217 3232 1246 3279 et
1259 3217 1421 3282 Romano-

191 3325 256 3365 rum
274 3305 399 3367 Satiras.
1149 3349 1152 3354 -

235 3387 430 3471 Spa-oltemius
446 3391 477 3451 in
489 3390 617 3473 pulchri
628 3387 681 3450 suti
693 3389 733 3450 ad
745 3386 864 3451 Iuliani
876 3387 1066 3470 [inperatoris
1083 3387 1210 3450 Cessatis
1223 3387 1419 3465 Praelatioae,

190 3471 280 3554 plura
291 3475 329 3534 de
341 3495 423 3535 novo
437 3477 597 3537 observata
608 3473 737 3550 contulit
748 3474 787 3535 ad
800 3494 839 3535 ea
851 3493 920 3554 quae
933 3484 1003 3534 ante
1018 3473 1103 3534 eade
1116 3493 1148 3533 re
1163 3473 1329 3554 protulerat
1340 3476 1420 3536 cele·

191 3557 338 3618 berrimus
366 3556 505 3634 Critian,
533 3559 690 3640 descriptis
716 3579 829 3638 magno
853 3578 922 3620 curn
944 3557 1064 3638 judicio
1090 3557 1218 3618 duorum
1243 3560 1418 3638 poematum

191 3640 323 3720 quinque
338 3655 390 3703 aut
402 3663 455 3703 sex
470 3645 692 3705 discriminibus
707 3643 933 3723 insignioribus
950 3663 1019 3722 quae
1034 3642 1058 3702 si
1071 3641 1173 3703 videre
1187 3642 1301 3723 cupias,
1315 3657 1419 3704 aucta·

190 3745 252 3785 rem
277 3724 338 3785 adi.
381 3724 467 3788 Nihil
490 3749 624 3810 unquam
647 3729 704 3789 suit
726 3728 807 3810 apud
821 3727 948 3788 Grecos
963 3726 1116 3788 Romauae
1132 3725 1242 3788 Satirae
1258 3726 1417 3790 finitimum

189 3821 301 3891 praeter
315 3806 406 3869 Sillae
419 3832 498 3887 suos,
511 3815 642 3876 mordax
654 3813 810 3875 Poematis
823 3833 928 3893 gertus,
941 3812 1024 3892 quod
1035 3832 1074 3872 ex
1086 3809 1261 3892 fragmentis
1275 3808 1420 3874 Sillorum

194 3891 329 3955 Timonis
351 3892 442 3955 facille
469 3896 574 3977 colligi
598 3912 716 3981 potest;
751 3912 782 3959 at
805 3899 862 3958 hoc
887 3897 1022 3969 intereat,
1038 3893 1121 3975 quiid
1146 3893 1218 3956 Silii
1238 3894 1417 3958 Graecorum

190 3999 282 4042 merse
305 3992 403 4038 essent
425 3977 578 4056 Paralia,
595 3983 679 4062 quod
692 3984 730 4042 de
745 3981 888 4043 Romana
904 3979 1008 4042 Sutirri
1023 3978 1083 4039 dici
1099 3980 1212 4059 nequit,
1228 3980 1280 4040 ubi
1303 3979 1327 4040 si
1342 3979 1420 4042 sorte

190 4063 355 4145 aliquando
367 4062 399 4124 in
414 4061 581 4124 Parodiam
598 4065 723 4140 incidas,
737 4066 855 4128 videbis
870 4079 970 4126 tamen
985 4062 1115 4125 Portam
1132 4065 1247 4126 cavisse
1262 4085 1300 4128 ne
1314 4064 1420 4126 abute-

189 4163 280 4210 retur.
323 4145 415 4210 Unde
430 4148 525 4230 liquet
535 4147 677 4210 Parodiis
691 4150 860 4212 neutralem
875 4170 938 4211 esse
952 4148 984 4209 in
1000 4147 1084 4209 Sillis
1099 4149 1211 4226 sedem,
1226 4169 1289 4212 non
1303 4149 1373 4210 item
1387 4148 1419 4212 in

189 4231 306 4294 Satiris.

230 4315 384 4398 Expositis
406 4319 527 4380 tandem
550 4316 668 4392 naturis,
685 4317 814 4397 origine,
829 4331 859 4379 et
873 4338 1034 4401 progressu
1050 4315 1170 4391 Satirae,
1185 4335 1285 4398 pauca
1298 4316 1337 4378 de
1352 4315 1418 4398 ipso

188 4395 319 4460 Horatio
336 4403 407 4462 mihi
424 4416 492 4464 sunt
506 4401 646 4475 dicenda,
663 4401 714 4482 qui
727 4401 848 4482 quidem
862 4403 959 4481 qualis
972 4403 1002 4462 in
1015 4402 1072 4462 boc
1085 4421 1175 4480 opere
1187 4401 1233 4474 sit,
1246 4421 1308 4460 non
1321 4412 1420 4482 potest

187 4484 376 4543 commodius
391 4486 601 4560 demonstrari,
617 4486 707 4566 quarn
724 4485 748 4544 si
763 4505 830 4544 eum
847 4485 1020 4547 Silenorum
1044 4483 1147 4545 statuis
1168 4503 1335 4563 compares,
1351 4483 1419 4564 qni·

188 4563 243 4620 trus
264 4563 440 4632 Alcibiades
464 4571 495 4631 in
511 4569 676 4653 Symposio
692 4570 851 4632 Socratem
866 4580 1034 4652 comparat,
1050 4587 1118 4647 quae
1133 4565 1207 4627 nibil
1221 4577 1310 4628 extra
1324 4565 1421 4628 habe-
