3122 4920
204 159 264 220 rso
552 201 555 208 .
591 149 632 232 q.
655 146 845 214 nostru
869 147 1034 214 smccr

201 312 276 360 nsum
292 317 334 357 aar
351 323 437 356 seven
455 311 550 372 scyphis
558 294 717 374 Mureuoe3
732 297 826 358 tribus
841 311 895 359 aut
907 317 1017 360 novem

200 371 551 490 ffitlfflssffim
601 377 769 442 Miscentur
780 383 899 463 cyathis
910 381 1023 464 pocula
1036 384 1215 446 commodis.
1369 409 1459 472 [aar]

545 464 551 489 s

201 503 272 556 Μ,
299 503 434 554 smmum
467 510 551 542 novem
560 463 622 546 Qui
637 463 743 526 Musas
755 466 991 548 amatimpares,

201 557 398 616 massenpret.
418 555 551 604 ttrsusnn-
600 547 721 610 Ternos
733 561 779 610 ter
791 551 918 630 cyathos
933 551 1076 613 attonitus
1090 565 1171 634 petet

200 619 663 732 fflfflfflffioeffletes.
686 631 765 694 Tres
779 636 1023 717 prohibetsupra
1406 645 1457 703 15

200 756 264 788 mere
275 743 400 800 plusquam
410 742 551 804 stuporata.
601 716 753 780 Rtxarum
767 731 903 780 metuens
917 731 1042 800 tangere
1058 719 1175 798 Gratia,

199 804 282 850 Ptaoet
292 805 378 850 furere.
400 801 947 882 QumtaeetNudisjunctasororibus.

197 880 276 980 iffi,
297 865 553 974 „iffiufflffi
600 883 737 948 lusanire
745 888 843 968 juvat.
873 887 938 950 Cur
950 885 1164 970 Berecynthiae

198 990 360 1046 pendentum
372 990 481 1034 runnu?
499 989 551 1034 Ma·
560 970 690 1033 cessant
704 970 825 1032 flamina
840 971 948 1033 tibiae?

197 1064 298 1110 ursega
313 1058 432 1098 mantes
448 1064 550 1097 ΝΜ·
601 1055 667 1117 Cur
681 1055 791 1138 pendet
802 1055 894 1118 taciti
905 1057 1005 1120 fistula
1019 1077 1088 1120 cum
1103 1057 1193 1140 lyris?
1390 1066 1448 1126 2⁰

197 1111 549 1233 ,iffi‘mifflpfflusffi
557 1139 721 1202 Parcentes
735 1160 794 1220 ego
808 1139 947 1202 dexteras

197 1249 239 1282 cus
254 1235 354 1292 invidus,
369 1250 462 1308 necnon
472 1236 550 1282 vicina
600 1222 671 1287 Odi.
716 1223 834 1308 Sparge
849 1247 942 1290 rosas.
984 1225 1100 1290 Audiat
1114 1225 1233 1291 invidus
1355 1245 1440 1310 [322]

197 1295 736 1372 1⁴7⁰⁰‘'³³‘'³¹¹⁰¹¹¹³¹l¹¹'¹²‘i'‘¹⁰¹²‘³⁴³·Dementem
751 1311 906 1392 strepitum
921 1308 1036 1391 Lycus,

597 1393 640 1456 Et
653 1395 754 1456 vicina
768 1395 831 1456 seni
845 1416 906 1458 non
919 1394 1029 1460 habilis
1040 1391 1138 1480 Lyco.

673 1541 942 1593 accuratiores,

197 1686 258 1720 mus.
280 1673 413 1732 Augentum
430 1671 551 1729 inprimis
569 1669 697 1717 bonoribus
711 1669 793 1714 fflmae
825 1683 877 1715 rum
888 1679 1026 1728 metuentes,
1037 1672 1429 1730 quaecxebrietateetnimicrino

197 1737 345 1790 censebatur,
354 1733 463 1791 solusque
471 1741 662 1790 eratperpetuus.
686 1732 793 1791 Augures
825 1733 908 1790 sepius
920 1733 1061 1790 excitantur,
1080 1743 1185 1780 amanites
1203 1749 1282 1782 nutem
1301 1753 1386 1802 pacem
1399 1753 1428 1790 et

196 1797 316 1855 auspiciis,
328 1794 487 1842 utPontifieet
498 1795 579 1849 sacris,
590 1791 718 1852 praefuere,
730 1792 793 1837 velut
823 1793 897 1838 animi
908 1793 1108 1852 tranquillitatem,
1118 1797 1167 1842 tria
1175 1797 1267 1844 mnhlm
1284 1801 1369 1857 poeula
1386 1804 1427 1850 in.

197 1859 335 1917 interpretes
347 1857 533 1916 inremunciique
544 1855 649 1902 Deorum
659 1864 731 1900 tanta
743 1854 793 1913 dig·
823 1855 928 1915 dulgent,
939 1857 1009 1912 plura
1019 1856 1076 1902 verd
1086 1859 1217 1915 prohibent.

196 1922 298 1968 nationis
310 1920 384 1966 babiti
394 1929 457 1975 sunt,
468 1928 493 1966 ut
503 1919 544 1977 qui
555 1917 713 1976 aruspicinam
729 1917 790 1961 sece-
855 1919 889 1964 17.
906 1916 1000 1978 Nullis]
1014 1918 1069 1964 Sine
1076 1921 1137 1976 dolo,
1147 1921 1237 1976 fraude,
1249 1924 1310 1970 luco.

195 1991 241 2040 rat,
257 1984 281 2028 in
294 1983 407 2030 Senatum
425 1981 510 2028 ascribi
529 1987 553 2027 et
570 1979 631 2025 inter
646 1978 729 2026 Patres
743 1977 791 2037 legi
855 1977 994 2040 Sororibus]
1010 1979 1068 2025 Tres
1079 1986 1313 2041 numerenturenlm,
1324 1987 1424 2047 Aglaie,

195 2046 311 2092 insessct.
343 2042 485 2100 Ettprnnt
495 2039 791 2101 urhisorigineiidemRe·
822 2039 915 2095 Thalia,
932 2040 1095 2102 Euphrosyne.
1127 2042 1186 2090 Vide
1196 2043 1235 2090 lib.
1247 2045 1278 2091 iv.
1293 2047 1337 2094 Od.
1348 2051 1385 2097 27.
1397 2065 1420 2098 v,

193 2121 236 2166 ges
247 2117 271 2153 et
281 2107 395 2165 Augures,
407 2105 502 2162 ipseque
515 2103 628 2149 Romulus
639 2104 683 2148 hoc
694 2114 791 2148 munere
822 2105 844 2148 5.
856 2102 934 2161 ibique
946 2103 1033 2150 henot.

194 2176 230 2214 est
242 2169 341 2214 limetur.
373 2165 432 2211 Fab.
444 2165 563 2212 illeximus
580 2163 686 2222 proditur
701 2165 791 2210 duobus
856 2165 891 2210 te.
907 2165 1013 2212 Istron-irc
1019 2165 1107 2240 jurat]
1120 2167 1170 2213 Lib.
1183 2168 1197 2212 i.
1206 2167 1250 2216 Od.
1262 2171 1299 2217 27.
1314 2173 1343 2216 de
1355 2173 1421 2220 insa·

194 2237 218 2274 et
226 2228 351 2287 sexaginta
360 2227 429 2273 annis
441 2227 533 2272 summi
541 2240 596 2271 cum
606 2226 676 2272 laude
684 2225 791 2285 Augura-
822 2225 862 2274 nii
871 2242 901 2272 ex
908 2227 1033 2273 immodice
1041 2230 1222 2286 compotatione.
1258 2231 1422 2281 Vcrccuudussc

193 2297 244 2336 tum
255 2289 398 2350 gessissead
415 2289 521 2336 adlimam
536 2297 664 2334 senectam.
696 2287 788 2336 Horum
820 2289 938 2336 Bacchum
947 2288 1210 2351 muguuuirprohibcrc
1226 2293 1333 2349 viaet,
1346 2293 1421 2358 impr.

211 2352 315 2410 roprium
332 2350 376 2396 luit
390 2365 420 2395 ex
433 2350 514 2395 avibus
526 2349 637 2395 vatidnia
650 2352 788 2406 observare,
820 2365 861 2398 um
882 2350 1005 2398 clamorem
1026 2349 1104 2406 lenite,
1122 2353 1217 2400 redolet.
1249 2355 1286 2402 De
1308 2355 1419 2404 liberiore

194 2413 269 2460 aDiis
280 2409 548 2470 monitacontemplari5
560 2411 705 2466 doromello,
716 2425 789 2472 augu-
821 2414 893 2472 paulo
912 2411 985 2460 enimi
999 2414 1234 2474 gestientislasciriti,
1245 2417 1286 2466 lib.
1304 2417 1382 2466 itud
1393 2419 1418 2468 ἶ.

194 2474 244 2528 riis,
259 2474 370 2530 oraculis,
379 2475 448 2530 extis,
458 2473 581 2531 portentis,
595 2473 789 2530 respuendam,
821 2477 886 2519 uto.

192 2535 302 2596 prodigia
318 2551 446 2595 procurare
462 2543 485 2581 et
501 2535 606 2593 expiare,
622 2542 701 2580 vatum
716 2533 788 2580 libros
850 2539 1089 2585 ——-—-.ll'cn
1100 2553 1140 2600 ege
1151 2540 1231 2588 sonitu

192 2599 330 2656 explanare,
341 2597 383 2646 lte.
400 2599 467 2644 Alex.
481 2598 512 2644 ab
526 2597 593 2642 Alex.
604 2597 644 2644 lib.
655 2611 677 2642 v.
688 2609 740 2655 cap.
754 2597 788 2642 19.
837 2607 852 2630 ⁰
881 2599 1015 2646 Bccchcbcr
1025 2601 1127 2648 Edonis:
1142 2608 1231 2665 recepto

193 2674 296 2708 necnon
308 2660 347 2706 lib.
358 2661 381 2708 ii.
393 2675 445 2718 cap.
458 2663 481 2708 8.
911 2660 985 2707 Dulce
998 2661 1140 2723 inihisurcrc
1152 2670 1183 2710 est
1195 2664 1276 2713 muira.

225 2721 395 2783 linianum]
415 2721 548 2781 leputatur
563 2722 634 2768 luisse
645 2723 673 2772 1..
684 2721 787 2769 Licinius
852 2724 887 2770 ls.
907 2723 957 2769 Cur
975 2723 1131 2783 Berecynthio
1150 2725 1241 2773 Cessent
1259 2725 1364 2788 ,limeum
1384 2729 1414 2778 li·

192 2781 268 2831 Vnrro
277 2783 379 2830 Murena
386 2784 500 2832 resenas
505 2783 642 2832 Macerinus
652 2783 732 2831 uxoris
741 2784 789 2829 irs·
820 2785 892 2846 ctat]
906 2785 954 2831 Cur
963 2799 1009 2832 non
1015 2785 1067 2846 jam
1079 2787 1191 2834 initiantur
1201 2797 1224 2835 et
1234 2789 1343 2836 insonent
1353 2791 1413 2838 diste

192 2853 228 2892 ter
238 2848 268 2892 de
279 2861 326 2905 quo
341 2846 381 2892 lib.
396 2847 420 2893 ii.
439 2847 483 2894 Od.
497 2849 531 2893 10.
563 2847 617 2892 Non
634 2846 708 2894 miror
726 2845 789 2906 quhd
820 2857 844 2896 et
860 2849 963 2903 cithares,
975 2849 1006 2893 nd
1017 2847 1132 2909 integram
1143 2850 1243 2896 convivii
1256 2852 1413 2898 hilaritatem?

191 2909 338 2960 sornniarunt
360 2908 440 2967 aliqui,
459 2911 489 2955 ab
511 2909 612 2955 Horatio
630 2907 738 2965 indicari,
757 2909 788 2955 ed
819 2912 868 2958 ltlae
887 2910 1060 2956 adhibebuntur
1077 2911 1100 2956 in
1117 2911 1196 2958 Sacris
1211 2913 1320 2972 Cybeles,
1337 2913 1414 2972 qumi

192 2985 261 3017 mane
273 2981 393 3029 posterum
411 2984 504 3018 coenarn
518 2985 569 3017 esse
586 2972 787 3030 protrahendam,
820 2973 967 3032 Berecyntho
986 2971 1095 3032 Phrygias
1118 2982 1205 3030 monte,
1223 2975 1263 3020 ubi
1286 2975 1413 3031 colebatru,

192 3033 302 3080 nimirum
320 3033 377 3092 quia
386 3047 457 3078 morse
470 3033 574 3091 Auguria
585 3034 678 3092 captari
691 3048 788 3080 consue·
819 3035 975 3094 Berecynthia
992 3033 1107 3082 dicteest.
1141 3035 1186 3082 Alii
1201 3036 1361 3083 dicunttibins
1378 3039 1413 3084 in·

191 3104 281 3152 verant,
298 3104 323 3142 et
341 3097 472 3142 subortum
485 3093 551 3140 Solis.
582 3095 612 3150 0,
628 3110 703 3156 sagax
719 3096 788 3142 nimls
820 3107 902 3144 ventas
913 3096 1014 3155 primurn
1026 3097 1050 3142 in
1061 3096 1164 3157 Phrygiis
1175 3106 1199 3143 et
1213 3097 1412 3158 Lydii3ecproe-

190 3159 362 3204 commentum!
819 3168 885 3206 terea
896 3158 1063 3218 Berecynthius
1080 3159 1117 3205 hic
1132 3160 1219 3215 vocari,
1231 3159 1318 3219 Lydiae
1334 3170 1413 3208 auten

225 3217 522 3280 reduceremus]
535 3216 627 3277 Cuique
643 3219 726 3264 insert
739 3227 787 3265 tres
818 3220 950 3268 lib.iv.0d.
966 3220 1006 3265 ult.
1022 3219 1115 3266 influe.
1146 3220 1413 3282 Porruharummodus

190 3289 232 3326 ant
242 3297 326 3328 novem
338 3284 436 3343 cyathos
448 3293 558 3340 poscere;
575 3281 686 3332 nimirum
697 3280 736 3338 qui
748 3282 787 3327 de·
819 3291 843 3330 et
858 3297 968 3329 numerus
980 3282 1125 3336 concitatior,
1141 3283 1285 3341 proindeque
1296 3285 1411 3332 bacchan-

190 3344 276 3389 mereri
287 3344 350 3390 volet
360 3345 470 3392 Charites
482 3354 523 3392 sets
534 3343 637 3399 Gratias,
648 3343 678 3388 ob
689 3341 788 3388 ternari-
819 3346 880 3392 tibus
902 3343 985 3390 Matris
997 3341 1074 3388 Deiun
1093 3344 1229 3390 sacrificulis
1248 3346 1324 3404 magis
1342 3347 1413 3392 etiam

190 3416 230 3448 um
241 3419 323 3450 earnm
333 3421 466 3464 nurnerum,
475 3407 520 3452 tria
537 3405 583 3452 sibi
598 3406 684 3464 pocula
695 3404 789 3450 misceri
819 3405 983 3465 permovendis
996 3404 1036 3461 (de
1048 3405 1131 3462 quibus
1137 3405 1177 3452 lib.
1186 3406 1201 3450 i.
1209 3405 1253 3452 Od.
1264 3407 1308 3466 18.)
1321 3408 1413 3464 quibus·

185 3461 293 3521 jubebit5
308 3469 348 3524 qui
361 3468 417 3518 verb
428 3470 483 3516 colit
494 3468 576 3515 illusas
592 3481 695 3514 novenas
707 3465 788 3523 Poeta,
820 3469 855 3514 vis
871 3465 1019 3526 opulentibus
1030 3465 1101 3512 etiam
1112 3476 1136 3513 et
1152 3469 1340 3525 computantibus
1351 3471 1412 3526 plus·

191 3525 211 3569 is
222 3527 302 3572 novies
311 3529 369 3576 bibit
379 3531 403 3576 in
414 3533 529 3578 honorem
540 3531 642 3587 illarum,
654 3530 742 3574 Aeson.
820 3530 898 3576 culum
916 3527 1046 3576 excitandis
1072 3531 1272 3576 accommodatus.
1315 3530 1412 3587 eoum,

225 3587 269 3632 Ter
278 3587 335 3645 bibe,
344 3591 380 3637 rei
390 3592 454 3638 toties
461 3596 550 3647 lentem
561 3590 593 3640 tic
600 3590 695 3650 mystico
702 3589 740 3637 lex
749 3596 788 3638 err.
820 3591 920 3638 Doricus
932 3591 1022 3645 modus,
1033 3597 1059 3635 ut
1066 3593 1144 3650 mavis
1154 3603 1182 3638 ur
1191 3593 1295 3648 sedatus,
1302 3607 1364 3646 eum,
1372 3593 1414 3639 dc-

223 3649 257 3694 12.
278 3649 508 3712 Commorantes
519 3653 702 3714 magnitudines,
713 3653 786 3711 inqui·
819 3655 907 3701 candos
915 3667 999 3712 pueros
1011 3654 1117 3712 precipit
1126 3654 1195 3700 Arist.
1206 3653 1305 3700 ruine.
1316 3654 1411 3709 AEolius,

189 3719 231 3756 emt
239 3710 311 3767 aliqui
318 3712 384 3767 ,alii,
392 3715 467 3770 plenis
476 3724 500 3761 et
507 3716 630 3774 persertim
643 3714 682 3762 alii
691 3723 786 3772 conoe,
820 3715 938 3764 saltationi
957 3724 1032 3775 aptus.
1064 3715 1143 3764 lenius
1161 3725 1227 3762 retus
1242 3717 1355 3774 asperior,
1371 3731 1411 3764 uo·

189 3771 318 3818 minoribus
334 3781 359 3820 et
380 3776 517 3823 ebrietatem
538 3793 586 3824 non
612 3778 786 3834 inducentium
819 3795 861 3826 vus
872 3778 970 3825 mollior.
1395 3803 1396 3806 ¹

188 3832 275 3892 optime
287 3835 492 3892 convenientum
503 3846 528 3884 ut
537 3840 566 3885 sit
579 3854 672 3896 sensus3
683 3855 787 3886 commc-
848 3843 885 3887 ul.
906 3839 1030 3888 Perterrito
1045 3839 1166 3900 dexterea]
1182 3837 1225 3886 vet
1244 3839 1316 3900 perce
1333 3840 1412 3886 vinum

188 3897 217 3941 de
226 3905 250 3944 et
256 3897 422 3943 convenienter
434 3899 531 3957 quisque
542 3899 627 3959 impari
639 3917 737 3950 numero
748 3903 786 3950 vel
817 3903 985 3958 ministrantes,
996 3904 1033 3948 vel
1044 3900 1139 3948 leantu
1150 3902 1318 3961 pulsandisque
1328 3904 1411 3950 iusum·

187 3966 223 4006 ter
235 3959 271 4004 vel
282 3957 362 4004 novies
373 3966 447 4016 potat.
816 3965 901 4011 mentis
910 3964 1007 4010 histricia
1017 3971 1144 4018 cessantes,
1156 3974 1284 4021 torpenter,
1294 3966 1388 4012 otiosas.

220 4023 254 4068 14.
269 4021 354 4070 Turnus
363 4024 396 4068 lcr
403 4020 496 4080 sputos
503 4023 620 4079 clientilus,
629 4022 681 4084 hc]
695 4023 784 4071 Etiam·
846 4029 883 4072 22.
901 4027 988 4086 Sparge
998 4025 1078 4086 rosus]
1096 4025 1127 4070 Ut
1137 4026 1193 4072 nihil
1202 4027 1288 4076 laetitiae
1304 4027 1371 4080 desit,
1382 4026 1411 4081 0,

185 4085 206 4133 si
225 4086 280 4131 iude
291 4083 343 4132 iieri
353 4085 453 4130 debeam
466 4085 577 4130 attonitus
594 4083 607 4132 l
625 4086 687 4141 rino,
703 4088 783 4134 novies
815 4103 882 4147 puer,
893 4089 965 4134 etiam
980 4086 1075 4133 floribus
1087 4096 1164 4136 sterne
1178 4103 1284 4135 mensam
1295 4103 1324 4134 ac
1341 4087 1411 4134 tricli·

186 4155 292 4196 attamen
308 4162 353 4208 eqo
365 4147 439 4192 Poeta
454 4145 542 4202 bibam,
554 4154 604 4194 tmn
614 4149 647 4194 ob
660 4147 784 4196 Musarum
817 4151 889 4198 nium.

185 4223 318 4266 numerum,
330 4219 380 4255 turn
396 4208 459 4268 quhd
475 4208 600 4255 hilaritatis
618 4212 713 4257 modum
732 4226 784 4258 nes·
850 4209 939 4260 Audiat
963 4208 1057 4258 issemus
1075 4211 1210 4263 Dcmcnlem
1227 4213 1348 4274 strepitum
1366 4211 1411 4272 [4-

185 4271 720 4331 ciaministisMeheumhouorisamplitudiue.
737 4277 783 4320 Au·
816 4275 872 4334 cua]
903 4273 1001 4318 Clamor
1019 4287 1047 4320 nc
1073 4277 1183 4332 strepitus
1209 4283 1289 4322 noster
1314 4273 1410 4321 ebriosis

186 4346 235 4377 son.
253 4333 299 4380 Pro
318 4339 352 4382 lcr
369 4332 470 4380 nutum
487 4337 585 4389 nectent,
603 4339 625 4382 cl
642 4349 728 4385 nucum
739 4334 784 4382 Lu·
816 4343 940 4384 consuetus
952 4343 975 4380 et
986 4337 1109 4382 hilaritatis
1121 4335 1267 4396 index,1.yci
1278 4337 1347 4382 vicini
1358 4349 1410 4382 nos-

184 4396 279 4448 tramet
314 4397 785 4457 urenoeuugurctum',lcruotlcrcyctlws
816 4399 854 4454 tri,
869 4397 995 4455 reperieris,
1012 4401 1105 4454 morosi,
1120 4399 1215 4446 auribus
1232 4399 1362 4458 obstrepat,
1377 4397 1410 4442 bi·

185 4454 361 4515 mtons'uupuit
377 4458 450 4506 Vates.
815 4459 908 4516 lemque
919 4467 942 4504 et
954 4459 1065 4505 invidiam
1077 4467 1177 4504 moveat.

185 4581 189 4587 Ι
217 4515 253 4561 15.
274 4515 588 4586 nonnullorumque]
601 4521 712 4579 Charites
721 4521 783 4568 rixa-
845 4521 883 4568 24·
903 4519 986 4568 Viciufl
1000 4520 1049 4576 teni
1059 4517 1218 4581 ’10πὴαωὶὺᾶ
1230 4521 1410 4583 Quippejuaicr
