3106 4910
518 199 983 312 nicnmr‘runmno.
1303 197 1365 298 sos

127 380 266 462 primere
280 377 428 441 voluerit:
443 378 530 460 cuijus
546 377 712 440 admodum
728 377 901 460 imperfecta
916 399 955 440 ex
970 376 1067 462 prisci
1075 375 1299 442 LatinisSatiria
1311 379 1367 444 ha·

123 464 197 526 beri
213 477 334 548 poterat
349 462 468 537 notitia,
484 462 573 542 quale
589 461 702 524 scilicet
716 461 828 522 laceret
842 483 976 538 carmen,
993 463 1074 543 quod
1090 463 1154 524 sola
1167 461 1287 526 Natura
1302 465 1367 527 dic-

127 547 284 624 titaverat,
300 562 464 628 antequam
488 546 599 628 injecta
622 560 698 608 esset
722 545 872 606 Romanis
897 543 1026 608 Graecos
1041 546 1187 622 imitandi,
1202 569 1366 630 eorumque

127 651 143 691 s
170 630 239 694 ollis
254 653 285 693 se
299 629 516 714 locupletandi,
532 629 688 712 cogitatio.
732 627 785 692 Ex
800 629 909 711 quibus
923 629 1013 694 sacili
1028 629 1163 712 intelligi
1171 645 1269 716 potest
1290 633 1366 696 illud

168 717 271 794 oratii,
287 715 354 778 Sat.
371 722 399 778 l.
414 715 467 800 lib.
483 714 514 795 ii.
526 736 554 776 v.
570 718 621 775 62.
880 784 881 793 χ

536 870 539 879 ·
589 839 785 925 *Quieti
807 839 1180 909 maurianensem

303 924 426 988 Primus
436 925 470 988 in
483 924 559 987 hana
573 923 669 1010 aperis
684 942 854 1030 componere
868 926 1000 992 earmina
1014 927 1150 992 nearent²

129 1035 212 1116 Noli
227 1066 333 1136 putare
346 1040 509 1114 Horatium
524 1049 654 1114 voluisse
669 1049 780 1127 dicere,
794 1051 894 1113 nullas
909 1064 978 1114 ante
992 1049 1146 1116 Lucilium
1162 1053 1280 1118 Satires
1304 1053 1366 1118 lac·

129 1150 203 1200 tas:
225 1136 293 1198 crim
322 1133 476 1216 Lucilium
498 1135 709 1282 plraecesserint
730 1133 851 1210 Ennius
866 1149 896 1198 et
908 1135 1074 1213 Pacuvius,
1104 1160 1232 1219 quorum
1248 1139 1298 1202 ille
1313 1161 1367 1202 ex·

130 1213 268 1306 emplum
283 1234 398 1282 secutus
413 1235 466 1282 est.
528 1219 548 1282 d
563 1219 661 1282 solum
677 1220 782 1295 voluit,
798 1213 952 1280 Lucilium
967 1241 1079 1281 novam
1094 1220 1202 1284 faciem
1217 1224 1288 1286 huic
1300 1245 1367 1286 car-

129 1305 208 1368 mini
221 1296 360 1382 induisse,
373 1305 456 1388 quod
468 1303 674 1388 perpoliverit,
687 1317 716 1365 et
728 1317 889 1386 propterea
900 1325 956 1386 pro
967 1305 1068 1388 primo
1081 1305 1166 1386 quasi
1179 1319 1301 1367 auctore
1314 1307 1368 1368 ha-

128 1390 275 1452 bendum.
319 1387 357 1452 Ia
380 1389 488 1452 eidem
503 1389 560 1450 suit
583 1387 731 1449 sententiis
745 1387 962 1467 Quintilianus,
976 1387 1030 1450 llb.
1058 1410 1089 1450 x.
1105 1409 1173 1470 cap.
1191 1395 1219 1450 1.
1264 1388 1369 1460 Satira

149 1473 248 1538 uidem
257 1483 319 1537 tota
328 1483 431 1536 nostra
443 1482 494 1548 est,
506 1473 538 1534 in
550 1471 611 1554 quai
619 1470 736 1554 primas
747 1470 893 1555 insignem
904 1467 1021 1534 landem
1033 1471 1156 1556 adeptas
1169 1481 1210 1534 est
1221 1469 1367 1536 Ltmlin.

162 1581 219 1620 ave
233 1558 283 1621 hic
299 1558 427 1639 pedibus
443 1557 475 1616 in
490 1553 669 1636 Casauboni
685 1557 862 1618 sententiam
878 1577 938 1634 eas,
954 1558 1005 1639 qui
1020 1555 1179 1618 Diomedis
1195 1557 1253 1618 lide
1266 1558 1367 1635 fretus,

123 1641 225 1704 Ennii
239 1655 269 1704 et
281 1639 395 1704 Lucilii
411 1639 528 1702 Satires
543 1652 607 1702 toto
622 1659 732 1720 genere
747 1639 902 1703 dissentire
917 1641 1053 1704 credidit.
1076 1639 1157 1702 Vide
1172 1642 1240 1724 ipsa
1256 1639 1368 1706 Gram-

128 1727 246 1790 matico
259 1725 363 1800 verba,
376 1744 446 1805 quae
459 1723 695 1804 subactijudicii
711 1721 860 1786 Criticum
875 1726 906 1786 in
919 1746 1050 1787 errorem
1064 1725 1258 1788 induxerunt
1284 1723 1367 1790 Sati·

128 1831 168 1873 ra
191 1820 232 1872 est
256 1831 372 1872 carmen
395 1807 478 1892 apud
499 1805 663 1884 Romanos,
678 1828 737 1868 nan
761 1807 879 1891 quidem
899 1832 917 1870 a
939 1807 981 1870 ad
999 1809 1129 1886 Grecos,
1143 1807 1325 1886 maledicum,
1340 1823 1367 1874 et

130 1893 175 1954 ad
194 1892 344 1977 carpenda
364 1891 512 1952 hominnm
533 1889 616 1968 uitia,
639 1889 774 1952 Archene
801 1831 958 1953 Comoedia
982 1891 1146 1956 charactere
1169 1895 1368 1976 compositum,

132 1975 222 2062 quale
245 1974 423 2060 scripserunt
446 1973 636 2051 basiliana
659 1969 819 2052 Horatius,
835 1984 862 2037 et
883 1973 1018 2038 Persius.
1064 1974 1127 2038 Sat
1147 1973 1217 2037 olim
1230 1999 1356 2055 comen,

153 2059 214 2124 uod
234 2083 269 2122 ea
292 2059 383 2122 uariis
402 2058 588 2144 poimatihua
611 2059 771 2136 constabat,
789 2057 893 2126 Satira
915 2057 1081 2137 dicebatur,
1111 2057 1177 2123 nale
1190 2060 1248 2121 scri
1269 2072 1369 2124 serant

111 2163 113 2170 ’
164 2145 284 2208 acacius
308 2155 335 2206 et
358 2141 487 2207 Enniam.
532 2143 672 2226 Apparet
695 2141 878 2206 Diomedem
892 2143 1079 2226 distinguere
1090 2082 1228 2207 iatiram
1242 2083 1367 2223 Lucilii,

130 2232 172 2294 ab
187 2229 224 2292 ei
239 2251 329 2312 quam
346 2228 465 2312 scripsit
478 2227 599 2292 Ennius
612 2239 641 2289 et
655 2227 819 2292 Pacuvius.
841 2227 989 2292 Ridicula
1001 2242 1100 2290 autem
1113 2243 1142 2291 et
1154 2231 1279 2292 omnino
1291 2231 1369 2294 salsa

130 2329 176 2377 est
198 2315 288 2397 hujus
312 2314 513 2376 distinctionis
527 2334 573 2390 ea,
589 2335 680 2395 quam
696 2313 804 2390 reddit,
820 2313 908 2376 ratio.
952 2311 984 2375 N
986 2336 1024 2376 on
1038 2313 1108 2375 satis
1135 2313 1369 2396 investigaverat

130 2399 225 2464 homo
249 2397 379 2483 simplex
398 2411 537 2462 naturam
552 2411 582 2461 et
596 2397 747 2480 originem
762 2396 916 2482 utriusque
931 2395 1053 2476 Satires,
1070 2419 1140 2480 quae
1154 2400 1279 2462 omnino
1293 2421 1369 2463 con·

131 2485 295 2546 veniebant
318 2496 380 2546 tam
405 2483 532 2546 materiai
554 2482 645 2564 quim
669 2483 776 2546 sormi.
819 2481 902 2546 Nam
924 2481 1002 2546 nihil
1022 2504 1059 2544 eo
1074 2483 1216 2545 attulerat
1229 2483 1368 2549 Lucilius

131 2580 243 2652 praeter
265 2569 371 2632 nitoris
386 2581 415 2631 et
429 2569 499 2631 salis
520 2567 701 2651 plusculum,
716 2569 748 2630 in
760 2569 878 2630 summi
891 2567 935 2630 rei
958 2567 1043 2631 nulli
1064 2565 1179 2650 insigni
1197 2569 1368 2632 2variatione

132 2653 221 2716 sacta.
265 2651 310 2716 Et
331 2673 507 2736 quanquam
527 2673 590 2716 non
604 2653 806 2735 conjunxerat
818 2653 909 2737 plura
922 2670 1065 2716 versuum
1079 2653 1239 2735 generain
1261 2655 1368 2716 eodem

131 2739 275 2815 carmine,
291 2738 369 2800 sicut
382 2737 521 2804 Ennius:
536 2739 648 2802 fecerat
662 2750 765 2800 tamen
780 2739 900 2801 diversa
922 2739 1070 2813 carmina,
1085 2756 1213 2820 quorum
1238 2737 1300 2801 alia
1321 2737 1369 2802 in·

132 2836 218 2905 tegra
231 2821 379 2885 Versibus
394 2821 599 2900 Hexametris‚
616 2823 678 2884 alia
692 2821 845 2900 lambicis‚
861 2823 923 2886 elia
937 2821 1120 2886 Tracheicis
1135 2823 1323 2899 constabant,
1335 2835 1370 2884 ut

133 2904 230 2989 liquet
244 2928 282 2970 ex
298 2907 392 2990 ipsius
407 2905 595 2989 fragmentis.
629 2903 675 2968 Ut
688 2908 783 2969 verbo
798 2906 908 2983 dicam,
924 2906 949 2968 si
961 2904 1133 2970 Lucilianae
1146 2905 1257 2968 Satirae
1270 2907 1370 2970 diver·

133 2993 158 3052 si
173 2992 293 3072 generis
308 2993 348 3053 ab
368 2990 520 3053 Ennianis
536 2989 606 3052 idei>
621 2993 781 3053 censenda*
794 2992 862 3068 sint,
878 2990 960 3074 quid
976 2989 1027 3054 ille
1042 2991 1122 3054 hunc
1137 2992 1289 3054 scribendi
1305 3003 1371 3054 arte

134 3075 228 3156 longe
243 3075 440 3174 superaverit,
455 3077 497 3136 ati
511 3075 610 3136 voluit
621 3074 834 3153 casaubonus,
847 3068 1033 3160 consequens
1045 3074 1102 3139 erit
1113 3073 1236 3140 Horatii
1248 3096 1370 3159 quoque

136 3159 253 3221 Satires
277 3157 479 3222 aLucilianis
492 3159 603 3222 diversi
619 3179 742 3244 prorsus
756 3161 847 3223 tuisse
862 3161 991 3244 generis,
1007 3161 1254 3245 quandoquidem
1266 3158 1370 3226 Hom

136 3244 193 3306 tius
207 3265 270 3306 non
284 3244 497 3306 minoraverit
512 3243 631 3306 Satires
645 3265 714 3306 suas
729 3265 820 3330 supra
843 3245 997 3309 Lurcdium
1011 3245 1104 3328 quim
1118 3245 1170 3307 ille
1185 3265 1254 3308 suas
1278 3265 1370 3330 supra

137 3327 270 3392 Ennium
286 3341 316 3390 et
329 3327 499 3391 Pacuvium
515 3341 667 3392 evexerat.
711 3328 852 3394 Danaam
868 3352 989 3414 quoque
1004 3327 1109 3393 fefellit
1130 3329 1186 3392 iste
1208 3327 1369 3394 Diomedis

137 3411 230 3477 locus.
274 3410 345 3477 Hoc
358 3433 421 3477 aon
433 3412 470 3476 eb
493 3413 559 3476 dixi
572 3413 655 3497 quaid
669 3435 802 3478 errorem
825 3416 921 3478 levem
936 3429 1089 3478 tantorum
1103 3415 1238 3478 virorum
1261 3428 1369 3479 notare
1393 3469 1395 3472 .

139 3497 298 3580 gaudeam,
313 3500 366 3562 sed
381 3497 478 3562 solbrn
494 3513 527 3561 ut
541 3499 754 3577 demonstrem,
770 3502 883 3584 quanti
905 3521 975 3562 anm
991 3499 1066 3562 curri
1087 3512 1119 3562 et
1132 3499 1250 3563 cautelis
1262 3519 1367 3564 eorum

138 3605 228 3668 opera
242 3584 343 3666 legere
357 3596 506 3668 oporteat,
522 3585 575 3647 abi
589 3585 628 3647 de
643 3607 674 3647 re
689 3587 791 3667 agitur
805 3587 939 3649 obscuris·
949 3585 1027 3651 adad
1042 3597 1072 3648 et
1086 3585 1219 3667 antiqui.

176 3669 321 3750 Antiquae
336 3669 449 3734 Satira
464 3671 503 3732 ad
519 3669 629 3732 Scenae
642 3691 731 3731 usum
746 3673 925 3754 compositae
939 3670 1090 3732 Naturam
1104 3669 1279 3748 declaravi3
1301 3669 1368 3754 pla·

138 3773 207 3816 uum
222 3752 278 3814 seci
294 3754 364 3816 inde
378 3755 551 3838 exemplum
565 3754 621 3815 sibi
634 3756 796 3838 sumpsisse
807 3755 963 3817 Ennium:
979 3755 1050 3818 satis
1062 3756 1192 3838 denique
1206 3755 1368 3817 confirma-

140 3851 199 3898 tum
215 3838 286 3900 dedi
299 3837 394 3900 Ennii
407 3837 599 3921 Pacuviique
613 3841 746 3921 ejusdem
762 3861 827 3902 esse
842 3841 964 3920 generis
975 3860 1045 3902 cum
1070 3839 1177 3902 Satiris
1201 3838 1314 3902 Lucilii
1338 3851 1368 3905 et

141 3919 269 3998 Horatii,
284 3924 366 4006 quod
379 3935 480 3985 tamen
495 3943 619 3986 carmen
634 3945 694 3986 uon
710 3923 766 3986 nisi
780 3927 820 3987 ab
833 3925 965 3990 Horatio
978 3925 1018 3986 ad
1030 3944 1200 4008 supremam
1213 3923 1367 4004 fastigium

140 4007 313 4090 perductam
326 4019 379 4068 est
415 4007 487 4072 lam
499 4010 539 4072 ad
552 4008 679 4072 alterurn
691 4009 803 4088 Satirae
816 4032 921 4094 genus,
934 4011 1015 4093 quod
1028 4011 1128 4094 recepi
1140 4007 1367 4092 exponendum,

30 4137 34 4148 .
142 4090 219 4172 quod
234 4104 264 4152 et
287 4089 386 4174 ipsum
401 4113 520 4175 quoque
534 4095 574 4156 ab
590 4093 715 4176 antiqui
730 4095 880 4177 originem
894 4093 993 4171 duxit,
1008 4109 1126 4179 tempus
1141 4108 1186 4156 est
1200 4091 1366 4154 accedere:

141 4197 173 4237 ea
189 4189 237 4256 est
262 4196 331 4258 quae
355 4177 526 4262 appellatur
551 4175 655 4240 Satira
683 4177 880 4243 Varroniano
895 4180 943 4242 vel
957 4177 1139 4282 Menippea,
1155 4176 1236 4258 quod
1251 4174 1367 4258 primus

116 4262 119 4271 '
142 4260 199 4339 ejus
223 4275 329 4340 auctor
352 4274 429 4322 esset
451 4258 551 4323 Varro
574 4258 787 4328 Romanorum
807 4265 1008 4342 doctissimus,
1023 4263 1165 4346 quodque
1180 4259 1212 4320 ia
1227 4280 1263 4320 eo
1275 4279 1367 4341 opere

141 4341 276 4428 Menippi
292 4342 487 4424 Gadarensis,
502 4345 686 4431 Philosophi
701 4347 823 4430 Cynici,
839 4350 1085 4419 moresimitatus
1100 4360 1185 4408 esset.

162 4425 244 4501 ,Nec
259 4429 324 4492 soli
335 4431 504 4494 carminum
516 4431 661 4495 varietate
676 4433 766 4498 mista
776 4450 821 4508 est
832 4436 890 4497 iste
902 4433 1024 4496 Satira:
1039 4450 1110 4494 nam
1123 4427 1224 4488 Varro
1236 4428 1262 4489 ei
1276 4427 1367 4490 inter·

142 4530 279 4600 posuerat
288 4538 423 4685 &rosam
447 4516 627 4594 orationem,
639 4521 813 4602 promiscuo
828 4519 918 4584 etiam
935 4541 992 4580 usu
1016 4512 1119 4578 Graeei
1134 4525 1163 4572 ct
1177 4511 1279 4572 Latini
1296 4509 1368 4570 Ser·

144 4603 244 4666 monis.
320 4602 495 4668 uiutilianus
510 4601 548 4665 de
563 4599 676 4667 Lucilii
692 4605 795 4728 anilri
817 4605 937 4668 locutus
960 4600 1055 4672 addit,
1070 4594 1206 4658 uiltorum
1229 4591 1306 4656 illud
1327 4599 1369 4650 art
