3106 4910
522 281 712 348 DACERII
735 281 985 348 PRAEFATIO.
1306 289 1367 348 sot

126 429 214 494 bant
224 431 354 514 pulchri,
364 429 440 492 nihil
454 432 562 506 ornati,
573 444 605 492 at
619 432 643 490 si
656 430 722 490 illas
735 431 910 512 aperuisses,
921 430 1054 494 omnium
1067 428 1202 492 Deorum
1215 428 1368 492 Dearurn-

129 535 197 596 que
212 517 372 597 imagines,
396 514 571 576 detexisses.
615 515 665 575 Ad
680 534 747 575 eum
771 515 894 574 modum
909 535 940 575 se
955 515 1043 575 nobis
1065 515 1187 576 exhibet
1200 515 1232 576 in
1259 514 1367 576 Satiris

131 599 300 676 Horatius,
315 599 391 660 nihil
405 617 550 680 magnum
565 617 630 686 pree
654 619 685 660 se
699 599 764 671 fert,
778 598 858 679 quod
883 619 938 660 tros
953 599 1086 660 detinere
1100 600 1228 660 debeat:
1243 599 1368 678 dignior

130 685 259 746 videtur
272 703 346 759 esse,
360 684 411 766 qui
424 681 523 765 pueris
538 695 660 757 teratur,
673 701 763 763 quam
780 682 831 762 qui
846 682 928 742 viros
943 695 1108 766 occupatos
1121 695 1238 744 teneat:
1253 683 1305 744 sed
1320 703 1367 744 se-

130 769 240 850 posito
255 769 334 843 velo,
349 781 379 828 et
394 766 524 828 Horatio
547 765 670 849 propius
685 766 831 846 inspecto,
847 767 982 826 omnium
997 761 1081 828 illico
1103 766 1366 829 Divorumnoculis

132 870 169 912 se
186 854 331 932 ingerunt
344 851 501 932 imagines,
518 851 574 912 hoe
588 863 641 926 est,
655 869 760 910 omnes
774 847 908 924 virtutes,
924 851 964 912 ad
979 871 1054 931 quas
1069 851 1190 913 assidue
1205 851 1368 912 exercendi

134 950 220 1011 aunt,
234 935 285 1016 qui
299 934 379 996 vitiis
391 937 450 996 suis
462 933 646 1016 corrigendis
658 933 735 994 serio
748 934 876 995 student.
909 934 1017 994 Oculis
1027 935 1136 1017 parium
1148 936 1270 998 intentis
1281 935 1366 996 illum

134 1019 310 1102 adspexere
324 1019 450 1080 antehac
465 1019 606 1080 mortales
616 1040 625 1095 ;
643 1039 740 1098 neque
763 1038 885 1099 possum
909 1039 970 1080 non
993 1020 1097 1080 mirari
1113 1019 1230 1081 Satires
1253 1040 1308 1102 per
1322 1031 1367 1082 tot

134 1101 245 1164 secula
258 1102 359 1177 lectas,
375 1117 464 1184 atque
482 1103 617 1178 relectas,
632 1103 739 1185 paucis
762 1101 927 1164 admodum
942 1102 1030 1163 fuisse
1052 1103 1229 1180 intellectas,
1245 1117 1298 1166 aut
1311 1123 1366 1166 ex-

133 1187 277 1268 plicatas.
323 1185 524 1248 Substiterunt
546 1189 578 1249 in·
602 1188 668 1269 ipso
691 1186 814 1261 cortice,
830 1187 988 1266 verbisque
1002 1186 1234 1269 interpretandis
1249 1187 1367 1264 intenti,

133 1269 216 1330 nihil
239 1271 317 1332 ultra
330 1271 462 1352 petiere:
477 1273 560 1352 quod
575 1271 697 1352 quidem
712 1270 848 1330 fecerunt
860 1281 894 1328 ut
909 1268 1120 1330 Grammaticis
1143 1286 1287 1352 parerat,
1302 1292 1367 1333 non

134 1367 172 1415 ut
183 1354 396 1437 Philosophia:
411 1355 503 1437 plane
516 1355 603 1436 quasi
616 1354 782 1436 scripsisset
795 1351 942 1414 Horatius
958 1351 1053 1414 solium
1069 1367 1102 1414 ut
1114 1355 1275 1416 verborum
1294 1373 1367 1416 con-

133 1440 348 1501 struendorum
378 1439 525 1500 rationem
554 1439 734 1513 videremus,
757 1437 946 1518 dedissetque
973 1437 1060 1498 nobis
1089 1437 1199 1498 librum
1229 1438 1310 1498 horis
1335 1439 1368 1500 in

132 1521 253 1584 Schola
267 1523 417 1597 fallendis,
431 1544 493 1583 non
509 1523 617 1584 animis
632 1522 672 1582 ad
686 1522 826 1584 uirtutem
840 1519 1015 1582 formandis.
1057 1519 1189 1582 Prorsus
1210 1521 1293 1584 aliud
1308 1521 1366 1584 sihi

133 1606 168 1667 in
181 1607 239 1668 hoc
254 1629 346 1690 opere
359 1617 559 1690 proposuerat
573 1603 683 1666 Poeta.
707 1603 849 1686 Namque
863 1605 930 1666 finis
945 1606 1106 1667 verborum
1121 1620 1165 1668 est
1179 1607 1268 1683 actio,
1281 1609 1366 1688 cujus

133 1691 228 1752 etiam
241 1691 342 1772 gratia
353 1691 448 1751 verba
459 1691 526 1772 ipsa
536 1689 658 1750 fuerunt
668 1703 797 1773 reperta,
810 1711 878 1771 quae
891 1689 947 1750 nisi
957 1689 1041 1750 illum
1055 1703 1251 1772 assequantur
1263 1692 1365 1768 finem,

135 1773 214 1834 nihil
225 1776 281 1835 nisi
291 1773 390 1838 futiles
399 1774 486 1834 soni:
502 1794 589 1835 aures
599 1775 719 1855 quidem
730 1775 848 1849 feriunt,
859 1775 897 1835 ad
907 1775 1039 1834 animum
1050 1775 1123 1835 verb
1132 1797 1194 1838 non
1205 1775 1364 1859 pertinent.

170 1855 303 1922 ,Docere
317 1877 372 1920 nos
387 1858 483 1919 voluit
498 1857 644 1920 Horatius
658 1859 690 1919 in
705 1857 750 1920 his
766 1859 884 1933 Satiris,
897 1871 1004 1919 contra
1018 1858 1091 1920 vitia
1105 1873 1209 1922 nostra
1223 1860 1363 1937 militare,

137 1941 264 2003 affectus
288 1957 464 2026 temperare,
489 1955 628 2004 naturam
644 1943 675 2005 in
697 1942 914 2026 cupiditatibus
936 1942 1129 2004 moderandis
1147 1945 1253 2006 ducem
1269 1945 1364 2028 sequi,

136 2045 243 2088 uerum
259 2026 376 2103 afalso,
390 2041 420 2089 et
446 2027 567 2090 hrebus
592 2028 665 2111 ipsis
687 2047 786 2088 rerum
811 2026 925 2108 species
948 2026 1126 2104 discernere,
1149 2029 1364 2110 praejudicatas

135 2113 251 2176 temere
267 2112 424 2194 opiniones
438 2114 579 2193 abjicere,
594 2112 744 2194 principia
767 2123 798 2172 et
809 2131 916 2172 causas
931 2111 1085 2172 munuum
1108 2125 1276 2173 nostrarum
1296 2134 1364 2194 per·

136 2209 255 2277 spectas
267 2196 388 2272 habere,
401 2197 560 2258 ridiculam
572 2195 701 2278 denique
713 2217 817 2258 eorum
830 2195 1027 2278 pertinaciam
1043 2199 1165 2271 evitare,
1181 2195 1242 2277 qui,
1255 2187 1364 2278 quibus

137 2279 347 2360 imagistellis
362 2281 422 2341 suis
438 2281 631 2364 opinionibus
645 2281 750 2341 imbuti
763 2279 835 2342 olim
850 2279 979 2354 fuerunt,
993 2279 1029 2339 iis
1041 2281 1192 2342 obstinate
1204 2282 1363 2359 inhaerent,
1460 2333 1472 2352 .

137 2363 220 2431 nulli
243 2363 348 2425 hahiti
371 2366 487 2427 ratione
502 2365 612 2446 quibus
634 2364 801 2426 intritantur
823 2363 1045 2425 fundamentis:
1068 2385 1131 2426 uno
1153 2367 1257 2440 verbo,
1272 2366 1302 2427 in
1325 2387 1363 2428 eo

136 2447 314 2523 elaboravit,
330 2461 362 2509 ut
377 2469 431 2510 nos
447 2449 533 2510 nobis
548 2449 658 2524 felices,
673 2450 778 2510 amicis
797 2449 952 2529 jucundos
966 2461 996 2508 et
1011 2448 1124 2524 fideles,
1139 2449 1277 2512 omnibus
1296 2450 1364 2533 qui·

135 2531 261 2593 buscum
276 2532 414 2608 vivimus,
430 2533 618 2608 commodos,
633 2533 731 2609 utiles,
743 2547 772 2594 et
783 2533 933 2613 benignos
948 2547 1115 2614 praestaret.

176 2615 371 2698 interpretari
394 2616 537 2678 Auctoris
560 2619 662 2693 verba,
677 2617 709 2678 in
724 2615 861 2702 Figurae
884 2617 1014 2698 digitum
1038 2617 1202 2694 intendere,
1217 2617 1362 2684 Lectores

134 2699 348 2782 perorationis
363 2699 509 2763 involutae
532 2701 733 2782 labyrinthos,
749 2715 800 2763 aut
814 2703 1029 2784 parentheseos
1051 2704 1191 2764 ohscurae
1214 2706 1363 2784 tenebras,

134 2785 254 2860 ducere,
274 2785 341 2846 haec
366 2786 469 2848 omnia
494 2785 570 2846 nihil
593 2785 737 2846 eximium
762 2787 883 2860 habent,
907 2805 964 2845 nec
987 2799 1020 2846 ut
1042 2786 1174 2868 loquitur
1197 2785 1363 2871 Epictetus,

135 2869 299 2950 quidquam
316 2870 435 2952 pulchri
450 2882 503 2931 aut
517 2873 651 2952 sapiente
666 2870 804 2950 dignum.
847 2869 969 2932 Adhuc
982 2871 1070 2931 nobis
1082 2871 1277 2934 annitendum
1299 2885 1344 2934 est
1352 2895 1364 2951 3

134 2954 191 3016 hoc
206 2975 282 3036 opus
297 2967 432 3016 nostrum
448 2967 492 3015 est
506 2953 699 3038 palmarium,
721 2973 809 3014 usum
824 2966 855 3014 et
868 2953 998 3015 rationes
1012 2955 1119 3017 horum
1138 2967 1364 3040 praceptorum

136 3039 301 3113 ostendere,
316 3037 483 3119 eademque
506 3038 736 3098 auctoritatibus
759 3037 874 3113 fulcire,
890 3051 923 3098 ut
944 3038 1045 3120 palam
1070 3039 1209 3102 omnibus
1231 3041 1295 3118 liat,
1310 3059 1363 3104 eoa

137 3122 185 3202 qui
198 3139 297 3182 mores
309 3141 379 3182 suos
389 3123 428 3182 ad
437 3123 496 3182 hoc
506 3121 638 3182 seculum
649 3141 833 3204 componere
841 3122 1010 3202 negligunt,
1021 3124 1216 3206 pariafacere
1226 3125 1361 3206 aegrotis,

137 3205 185 3285 qui
198 3205 303 3280 libros,
314 3205 367 3265 ubi
380 3206 514 3266 remedia
528 3206 641 3266 morbis
654 3205 714 3266 suis
727 3207 972 3287 praescribuntur,
987 3209 1088 3289 legere
1102 3209 1246 3284 contenti,
1261 3207 1362 3274 Medi-

137 3288 163 3348 ci
175 3288 302 3350 consilio
313 3302 429 3351 tantum
440 3293 525 3351 abest
535 3302 567 3350 nt
575 3301 708 3366 utantur,
718 3303 751 3351 ut
759 3311 797 3352 ne
806 3290 978 3372 intelligant
987 3294 1109 3374 quidem
1119 3295 1182 3373 ejus
1192 3292 1359 3356 utilitatem.

176 3371 248 3434 Non
264 3372 346 3456 qubd
370 3395 429 3454 ego
444 3375 475 3435 in
490 3374 712 3436 commentariis
727 3376 800 3436 meis
815 3376 977 3457 quicquam
993 3377 1089 3438 sciens
1107 3377 1212 3439 volens
1236 3391 1361 3460 praeter·

139 3457 275 3534 miserim,
290 3459 371 3539 quod
385 3460 424 3520 ad
441 3458 640 3521 Grammatici
655 3460 787 3522 officium
802 3461 960 3541 pertineat.
984 3461 1006 3520 S
1047 3483 1082 3522 ro
1098 3461 1129 3522 id
1144 3482 1282 3522 sensuros
1296 3483 1361 3526 esse
1384 3531 1385 3534 ,

138 3539 285 3618 lectores,
299 3561 396 3625 neque
405 3545 471 3624 jam
486 3543 579 3605 ullam
595 3544 815 3626 supersuturam
832 3545 863 3605 in
878 3544 978 3605 verbis
994 3481 1116 3606 tigrani
1131 3546 1335 3610 difficultatem
1351 3569 1359 3607 ι

139 3645 171 3686 ac
182 3627 212 3686 in
227 3627 306 3688 hanc
321 3647 425 3690 curam
439 3627 596 3712 praecipui
612 3629 745 3704 incubui,
760 3643 794 3689 ut
807 3641 998 3708 argumenta,
1011 3650 1080 3710 quae
1095 3642 1213 3705 tractat,
1228 3629 1359 3694 illustra-

139 3727 215 3788 rem3
231 3711 391 3788 rationum,
405 3735 480 3794 quas
496 3713 630 3788 adhibet,
641 3713 824 3774 soliditatem
839 3713 1053 3792 indigitarem3
1068 3727 1100 3775 ut
1111 3715 1284 3796 expedirem
1299 3716 1359 3777 cir·

140 3795 231 3856 cuitus
246 3809 276 3856 et
290 3799 443 3878 ambages,
460 3819 514 3881 per
528 3818 603 3878 quas
617 3817 836 3877 nonnunquam
851 3797 963 3857 incedit
978 3799 1017 3858 ad
1043 3798 1154 3880 placita
1170 3819 1224 3860 sua
1246 3800 1359 3862 confir·

140 3881 253 3956 manda,
266 3883 345 3942 etad
358 3883 509 3944 contraria
521 3881 692 3957 refutanda,
703 3881 751 3942 vel
766 3880 933 3942 eludenda:
949 3893 982 3941 ut
993 3883 1147 3944 veritatem
1159 3885 1358 3946 assertionum

139 3963 224 4046 ipsius
239 3965 423 4043 stabilirem3
446 3979 479 4028 ut
492 3967 642 4028 vafritiem
656 3966 728 4045 ejus,
744 3965 796 4025 ubi
812 3965 898 4046 quasi
921 3987 960 4026 ex
975 3966 1094 4028 insidiis
1104 3969 1179 4048 agit,
1195 3989 1264 4049 quae
1279 3967 1358 4028 Lec-

139 4059 227 4110 torem
243 4049 413 4130 imperitum
429 4051 517 4112 facile
533 4052 640 4132 fugiat,
657 4049 752 4111 oculis
766 4069 967 4132 exponerem3
983 4063 1015 4112 ut
1029 4051 1159 4132 denique
1174 4053 1204 4112 in
1221 4050 1357 4132 apricum

140 4131 296 4214 proferrem
309 4134 467 4195 ridiculum
479 4135 564 4211 illud,
575 4135 656 4216 quod
667 4135 698 4195 iu
708 4134 848 4196 omnibus
858 4155 933 4215 quas
942 4157 961 4194 ο
984 4147 1102 4216 pugnat
1111 4138 1198 4197 rebus
1209 4134 1356 4197 adhibuit.

137 4215 209 4278 ttae
225 4231 295 4278 sunt
309 4239 378 4300 quae
389 4219 463 4279 fecit
477 4235 544 4280 ante
560 4239 607 4280 me
621 4239 720 4280 nemo.
744 4217 824 4279 Nam
840 4232 873 4278 ut
887 4231 932 4280 est
979 4220 1093 4280 oratius
1108 4239 1195 4280 verus
1217 4216 1356 4295 Proteus,

140 4321 211 4386 sape
226 4302 339 4363 formas
354 4302 512 4376 variando,
525 4304 700 4386 interpretes
715 4323 784 4364 suos
800 4323 879 4386 saepe
895 4302 1010 4383 effugit,
1026 4303 1077 4384 qui
1092 4303 1160 4362 cium
1175 4301 1273 4382 ipsum
1290 4321 1357 4384 rep-

140 4385 294 4463 rehendere
309 4387 476 4468 nequirent,
493 4400 643 4470 stupentes
666 4387 810 4462 fecerunt,
824 4389 907 4468 quod
925 4399 1096 4468 potuerunt.
1136 4383 1306 4446 Affixerunt
1328 4387 1357 4447 ei

140 4471 337 4552 saepenumero
352 4491 468 4532 sensum
485 4491 547 4532 non
562 4471 659 4533 solium
675 4472 836 4546 diversum,
852 4472 1009 4532 sedetiam
1025 4469 1195 4541 adversum,
1209 4487 1357 4548 quemque

141 4551 192 4634 ipse
207 4575 243 4616 eo
258 4555 327 4617 loco
342 4555 476 4618 refellere
489 4556 595 4618 voluit.
630 4555 703 4618 Non
718 4554 800 4637 qubd
816 4576 875 4634 ego
890 4553 1052 4636 quicquam
1067 4550 1233 4610 detractum
1248 4550 1290 4610 eis
1305 4571 1356 4612 ve-

140 4635 191 4713 l'un,
208 4641 257 4720 qui
279 4651 350 4704 ante
369 4661 417 4703 me
439 4639 570 4704 Horatio
590 4641 771 4770 illustraqqp
785 4640 922 4702 laborem
937 4651 1023 4695 suum
1039 4630 1249 4693 contulerunt:
1263 4633 1356 4692 laudo
