3032 4916
167 137 231 200 ne
557 117 1006 207 auonsnnrmcm

168 309 260 357 quaes
268 292 362 354 popinis
370 288 467 338 minime
475 289 524 336 tau·
533 271 740 356 Quaecunque
755 269 919 332 immundis
934 269 1052 332 servent
1066 265 1159 331 allata
1170 270 1318 353 popinis.

168 359 197 406 ‘³⁸
214 356 345 417 offeramur
357 355 454 428 carrea
477 352 592 420 E¹·Est
607 357 854 500 operaespretium
869 353 999 438 duplicis
1015 375 1193 438 pernoscere
1207 355 1296 436 juris

168 423 526 539 ffissffmsffiffimffiffl
535 442 696 504 Naturam.
739 438 854 524 imples
870 439 887 499 ie
903 439 985 500 dulci
998 453 1118 500 constat
1131 439 1233 501 olivo:

168 544 292 591 anteitur
303 557 334 591 es
345 541 398 586 oleo
407 541 479 595 dulci,
488 529 577 589 cutAt
590 527 698 611 pingui
715 526 841 586 miscere
856 545 941 586 mero
954 525 1111 606 maritique
1124 513 1249 602 decebit,
1403 532 1447 588 65

167 606 303 678 mansan
318 603 452 674 immanere
463 615 526 647 ⁰¹⁸⁸·
534 612 608 673 Non
623 609 686 672 aliti
701 610 792 692 quim
810 609 871 692 qui
893 607 1048 692 Byzantia
1063 610 1177 693 putruit
1192 631 1276 672 orca.
1291 604 1296 614 ’
1363 633 1443 696 [679]

167 673 526 787 :lupmvpffiupppppppp
534 696 605 760 Hoc
620 696 673 757 ubi
687 694 847 756 confusum
864 695 951 757 sectis
967 694 1110 756 inferbuit
1126 695 1234 772 herbis,

169 793 199 840 ct
215 787 356 854 Byzansint.
396 789 525 848 Postquam
535 781 733 864 Corycioque
748 799 841 842 croco
857 799 996 864 sparsum
1013 781 1111 858 stetit;
1126 781 1249 862 insuper
1263 781 1378 844 addes

168 856 311 963 fflffimlff
328 853 406 925 ¹¹²F¹²l⁸
425 849 525 898 Μὴ
534 867 646 929 Pressa
659 865 847 927 Venafranae
859 865 942 948 quod
954 867 1053 926 bacca
1068 864 1181 926 remisit
1196 866 1304 926 olivae.

126 951 130 958 .
302 920 525 976 quesucoecumest,

169 989 194 1028 st
205 979 309 1039 Corycio
320 991 390 1022 croco
403 977 525 1035 pertusum
534 952 660 1015 Picenis
675 951 788 1013 cedunt
802 953 901 1035 pomis
914 948 1060 1013 Tiburtia
1072 971 1183 1012 succo:
1392 955 1434 1012 7⁰

168 1041 312 1100 conquievit,
323 1039 428 1099 adjunge
443 1047 527 1096 praete-
536 1037 619 1100 Nam
631 1038 708 1099 facie
723 1051 879 1120 praestant.
904 1035 1066 1098 Venucula
1078 1035 1220 1097 convenit
1235 1033 1331 1097 ollis:

169 1102 527 1222 ffifflffl'ffi'ssfflgss
537 1123 665 1186 Rectius
677 1123 832 1186 Albanam
845 1121 930 1184 sumo
945 1122 1102 1184 duraveris
1116 1142 1226 1182 uvam:

171 1245 211 1278 ma
220 1243 291 1276 succo
300 1237 415 1287 pressam
427 1227 528 1271 Ttburn-
539 1209 630 1272 Hanc
643 1229 703 1290 ego
718 1229 787 1270 cum
803 1208 900 1284 malis,
915 1227 975 1288 ego
988 1207 1093 1269 faecem
1107 1207 1221 1290 primus
1232 1221 1263 1267 et
1275 1205 1360 1283 alec,

169 1294 207 1342 nis
219 1289 270 1338 ‘Vl‘
283 1289 463 1349 puteanorum.
482 1287 527 1334 Vt·
537 1293 660 1357 Primus
672 1307 702 1354 et
716 1293 854 1356 invenior
866 1293 953 1378 piper
965 1293 1068 1356 album
1081 1313 1151 1354 curn
1166 1291 1227 1354 sale
1240 1292 1338 1374 nigro
1353 1313 1424 1374 [seen

170 1356 260 1404 nucula
269 1367 317 1402 uec
336 1353 388 1398 ollis
407 1361 464 1410 apta
480 1361 551 1444 est:1
765 1379 771 1392 .
822 1379 829 1392 .
999 1378 1006 1391 .
1124 1378 1130 1390 .
1158 1377 1165 1389 .
1382 1381 1423 1404 ,,

170 1419 290 1465 munnam
299 1414 376 1473 appas
385 1414 451 1460 fumo
460 1414 526 1460 indu·
553 1393 690 1442 neretum
706 1400 788 1464 puns
803 1399 1056 1462 circumposuisse
1071 1377 1200 1454 caullra,
1388 1397 1422 1437 ss
1493 1434 1494 1439 ,

170 1482 267 1528 reeens.
303 1478 354 1538 Ego
366 1478 456 1535 primus
465 1477 527 1522 inve·
538 1465 677 1527 Immone
689 1479 735 1526 est
748 1464 865 1540 vitium,
882 1463 956 1525 dare
969 1463 1066 1526 millia
1078 1481 1164 1525 terna
1177 1459 1324 1538 macello,

98 1559 107 1576 ⁹
170 1543 223 1616 ”5⁰¹
232 1543 256 1587 ¹¹¹
264 1539 358 1611 munais
369 1539 455 1596 imni*
464 1539 528 1612 ΜΨ
538 1552 741 1632 Angustoque
755 1571 853 1631 vagos
869 1549 966 1632 pisces
980 1569 1090 1630 urgere
1104 1547 1217 1610 cauno.

170 1617 368 1661 circllmposufflfle
384 1616 438 1646 cum
452 1615 528 1659 pomis

169 1653 227 1713 sam
240 1667 320 1710 recem
330 1672 401 1722 arque
413 1663 473 1720 arec,
484 1678 529 1709 nec
539 1634 658 1718 Magna
673 1648 797 1697 movent
811 1635 969 1697 stomacho
983 1633 1115 1710 fastidia,
1129 1654 1181 1694 seu
1195 1653 1272 1716 puer
1286 1633 1389 1695 unctis

170 1741 219 1774 non
242 1727 309 1800 piper
328 1727 456 1800 madidum
472 1739 527 1771 cum
536 1720 698 1783 Tractavit
713 1720 838 1782 calicem
854 1719 1006 1798 manibus
1022 1721 1094 1795 dum
1109 1717 1190 1780 furta
1204 1718 1337 1800 ligurit3

169 1791 220 1837 ssle
230 1805 297 1849 nigro
307 1797 413 1834 msxmm.
430 1788 527 1834 Grande

170 1862 206 1900 est
222 1853 237 1898 fl
271 1852 338 1896 itiam
355 1851 455 1896 macello
466 1853 570 1899 tribuere
581 1854 628 1898 triu
638 1852 712 1898 millis
722 1851 859 1908 scstmtitim,
874 1853 985 1912 cepisses
996 1845 1151 1912 vagabundos
1162 1849 1230 1896 arcti
1240 1849 1326 1908 patinis
1333 1863 1414 1911 onage

171 1929 232 1962 rere.
272 1922 383 1975 ngentem
394 1928 509 1960 nauseam
521 1917 644 1962 stomacho
655 1915 753 1972 iscium,
764 1915 812 1960 sire
828 1914 933 1961 famulus
947 1915 1063 1976 scyphum
1074 1913 1230 1960 contrectavit
1246 1913 1359 1960 sordidus
1370 1928 1415 1960 m·
1492 1922 1494 1973 l

171 1978 316 2037 cibandum
327 1975 408 2038 ligurit
417 1985 538 2036 arrreptst5
1493 1982 1494 2001 ¹

659 2102 931 2152 annonarium.

206 2227 368 2304 63.Duplicis
390 2243 526 2292 pernoscere
546 2230 613 2294 juris
641 2229 780 2291 Maturata]
812 2229 902 2276 Piscem
912 2224 1411 2288 pomsjamlaudavitlioratiusinsatiri

176 2291 281 2350 Slmplex
289 2307 330 2352 jus
339 2307 369 2337 ex
378 2293 440 2337 olivo
452 2293 515 2340 dulci
524 2293 629 2350 tantdm;
645 2294 732 2352 duplex
741 2306 781 2338 su·
813 2294 915 2352 praced.
934 2299 958 2338 et
975 2291 1081 2336 meminit
1101 2289 1192 2336 Plinius
1207 2291 1248 2335 lib.
1260 2303 1299 2335 xc.
1314 2303 1367 2348 cap.
1381 2291 1411 2336 15.

175 2362 231 2408 tem,
243 2367 285 2399 seu
302 2354 410 2410 misarm,
422 2353 476 2400 edm
488 2355 585 2415 insuper
601 2355 634 2402 illl
650 2357 778 2411 adduntur,
810 2354 943 2401 De'l'iburc
952 2367 981 2400 ac
997 2351 1121 2400 Tiburtino
1130 2366 1189 2413 agro
1197 2353 1247 2398 dixi
1254 2353 1295 2401 lib.
1310 2352 1331 2397 l.
1341 2351 1409 2399 ΟΜ,

174 2417 260 2473 muria,
272 2416 361 2472 vinum,
372 2430 477 2473 crocum,
488 2420 567 2465 herba
579 2417 688 2473 concisus,
699 2417 741 2464 isc.
810 2425 835 2463 et
845 2419 879 2463 ts.
911 2416 971 2462 Item
982 2417 1021 2464 lib.
1035 2416 1057 2462 ii.
1067 2416 1112 2461 0d.
1123 2417 1145 2461 6.

204 2477 352 2539 baldumi]
365 2477 779 2539 lsidoruslib.xx.cap.3.docetesse
841 2479 879 2527 71.
900 2477 1022 2526 Venucula
1036 2477 1141 2525 conrend
1154 2476 1226 2538 ollis]
1246 2479 1352 2524 'Albaue
1368 2491 1410 2523 usa

174 2539 276 2599 piscium
287 2540 404 2598 liquorem
416 2542 465 2588 sive
473 2542 594 2600 liquamen
607 2544 702 2588 salsum.
715 2541 776 2587 Plin-
811 2540 899 2600 optimi
915 2549 1024 2588 servatur
1040 2555 1112 2599 passa
1127 2549 1152 2586 et
1167 2535 1233 2586 suino
1248 2540 1369 2596 induratu
1387 2547 1409 2585 st

173 2601 213 2654 lib.
223 2602 288 2649 xxxi.
300 2617 353 2661 cap.
365 2603 386 2650 7.
396 2611 419 2649 et
430 2605 452 2650 8.
470 2603 688 2660 alternamento,
697 2603 780 2662 inquit,
811 2603 935 2650 Venucula
950 2603 975 2650 iu
993 2604 1045 2652 ollis
1067 2603 1149 2650 melitis
1172 2603 1309 2649 custoditur.
1350 2601 1409 2648 Hinc

174 2663 391 2727 liquoriseaequiriti
402 2679 483 2725 genta,
498 2667 560 2740 qnod
569 2679 655 2728 gornen
666 2680 782 2722 uocauere,
813 2666 897 2714 ollares
914 2680 965 2710 usse
977 2669 1041 2725 apud
1060 2665 1165 2712 Martini.
1181 2665 1221 2711 lib.
1237 2665 1276 2710 rii.
1293 2665 1359 2726 Epig.
1377 2665 1403 2709 19

174 2726 290 2774 intestinis
306 2727 415 2788 piscium
434 2733 564 2792 scelerisque
586 2743 638 2792 pite
655 2727 783 2791 objiciendi
814 2721 1078 2788 liemupudColumel.
1101 2727 1333 2786 Hiclib.iii.esp.2
1351 2725 1407 2780 etse.

174 2795 247 2837 essem
258 2791 305 2838 sole
324 2791 447 2838 maceratis
457 2797 484 2839 ut
494 2793 524 2840 sit
539 2792 584 2839 illu
596 2791 782 2854 putrescentium
813 2791 897 2851 inqiut,
914 2791 1055 2852 temporibus
1065 2789 1155 2850 hyemis
1162 2789 1281 2838 durabiles
1293 2789 1351 2841 nmis
1359 2801 1407 2836 cerr

175 2852 256 2900 sanies.
285 2853 346 2900 lllud
358 2867 496 2914 ganunseu
508 2857 627 2915 liquamen
640 2854 782 2913 exquisitum
814 2853 912 2911 damur,
930 2857 957 2900 ut
973 2853 1106 2902 Venucula.
1138 2851 1200 2898 Vide
1216 2861 1241 2898 et
1255 2851 1294 2898 lib.
1308 2851 1404 2910 xiieap.

175 2914 189 2962 d
200 2915 314 2962 scombris
325 2915 405 2972 tiebat,
421 2924 446 2962 et
461 2919 559 2964 divitum
571 2927 635 2973 erat3
653 2917 718 2963 uliud
729 2923 781 2962 crat
811 2917 849 2964 4¹3.
873 2917 980 2963 Macrob.
992 2916 1031 2962 lib.
1043 2915 1074 2962 iii.
1087 2916 1182 2960 Satura.
1193 2929 1247 2973 cap.
1257 2915 1295 2961 20.
1308 2913 1403 2974 appellat

175 2991 309 3038 pauperum
326 2977 512 3027 vilebthusmis.
545 2980 605 3026 Vide
622 2979 728 3027 Martini.
739 2979 780 3025 lib.
816 2979 984 3026 Venuneulann
1001 2979 1090 3024 Plinius
1101 2985 1182 3024 autem
1195 2975 1336 3032 Venisulom,
1346 2973 1404 3029 dicit,

177 3040 227 3088 xiii.
813 3041 866 3090 ollis
881 3040 1033 3102 aptissimum,
1050 3041 1089 3086 lib.
1101 3041 1147 3088 xiv.
1159 3053 1212 3097 cap.
1228 3041 1251 3084 a
1268 3039 1341 3096 eapite
1354 3037 1402 3083 sero

207 3105 246 3149 66,
263 3103 381 3164 Bpsuntid
396 3104 469 3165 orca]
492 3104 529 3151 De
544 3103 573 3151 ei
592 3103 686 3150 manni
703 3101 782 3150 belluis
813 3105 899 3164 primo,
910 3102 1102 3162 Ducunt,inquit,
1112 3100 1166 3148 olio
1172 3106 1224 3172 posi
1236 3101 1400 3162 tymapo-

177 3163 239 3212 Plin.
248 3165 287 3212 liu.
297 3167 328 3212 ix.
337 3181 390 3226 cap.
399 3168 430 3212 vi.
462 3167 563 3220 Quidam
571 3167 705 3226 intelligunt
712 3167 795 3213 thun-
812 3165 852 3214 sili
860 3171 1013 3213 comutermtc
1023 3164 1091 3221 nodo,
1103 3163 1156 3211 atto
1168 3177 1194 3209 sn
1204 3163 1248 3210 sud
1259 3167 1346 3210 lutumst
1357 3175 1400 3209 ton

178 3243 244 3285 num,
255 3230 295 3286 qui
307 3230 402 3288 quidem
414 3231 437 3277 in
447 3229 594 3288 Bosphorum
599 3229 728 3275 Thracium
739 3241 782 3274 seu
813 3229 918 3279 lineretur
925 3228 1008 3275 anund
1021 3227 1075 3275 ollis
1078 3225 1203 3289 fictilibus,
1215 3229 1237 3272 et
1244 3225 1334 3286 insuper
1344 3223 1401 3271 dolis

177 3291 264 3336 fretum
277 3291 437 3351 Byzantiorum
446 3293 574 3351 aliquando
586 3299 701 3349 penetrat.
735 3290 781 3336 Alii
812 3291 908 3339 inclusor
927 3326 932 3336 .
949 3323 953 3333 ·
974 3325 979 3336 .
995 3287 1166 3352 oliisgrutium,
1177 3287 1219 3352 pus¹
1233 3292 1254 3334 et
1266 3287 1399 3350 cinisculus

177 3367 255 3400 orcum
268 3354 453 3412 interpretantur
467 3368 509 3401 ves
523 3354 597 3400 fictile
614 3353 781 3409 ventricosuus‚
812 3348 1043 3416 offertsubrilis,&e.

178 3428 219 3461 ore
231 3423 341 3473 angusto,
354 3417 376 3462 in
388 3433 436 3476 quo
447 3418 525 3464 muria
535 3417 619 3476 reponi
630 3415 701 3462 solita
710 3424 781 3472 esset,
844 3417 880 3464 73.
899 3415 1019 3475 Hnncego
1031 3427 1083 3462 eum
1094 3411 1232 3473 molchina]
1257 3411 1308 3476 Ego
1320 3413 1396 3472 prinus

178 3478 249 3534 quale
257 3476 366 3536 Byzantii
377 3481 487 3538 frequens
495 3490 547 3528 erat
561 3493 613 3526 usu
643 3477 739 3524 Persius
752 3493 781 3524 eo
812 3479 884 3526 docui
900 3477 924 3524 in
938 3479 1000 3524 vasis
1013 3477 1091 3524 nitidis
1106 3476 1284 3536 circumponere
1295 3475 1394 3522 Albanam

178 3552 250 3584 seusu
261 3539 329 3597 dixit,
339 3539 389 3587 Sat.
400 3542 434 3588 iii.
444 3543 479 3590 76.
813 3555 885 3588 uvam
894 3542 959 3586 sumo
967 3540 1124 3596 exsiccatam
1133 3539 1189 3585 item
1197 3539 1248 3586 alec
1256 3553 1295 3584 seu
1304 3539 1394 3594 minian,

210 3599 782 3711 Maemueqoodprtmomnumdepeeruorco.
814 3605 857 3650 isc.
872 3600 1072 3665 &usnrposuissm
1085 3601 1123 3646 vel
1139 3600 1236 3662 singulis
1252 3601 1346 3648 conum
1361 3609 1393 3645 sot

166 3680 168 3688 s
213 3659 349 3724 Bononia]
367 3665 509 3724 Byzantium
521 3669 576 3714 urbs
593 3667 623 3713 ud
655 3666 783 3724 osphorum
815 3665 879 3713 certe
888 3667 947 3712 binis
956 3665 1061 3711 catillum
1070 3677 1152 3720 unum,
1160 3664 1197 3710 rel
1206 3663 1275 3709 certis
1283 3659 1392 3709 lociscatil·

179 3723 307 3773 Thracium
336 3728 533 3784 celebratissimm
562 3727 780 3786 Constantinopolis
811 3729 955 3788 laqurcdam
969 3727 1106 3774 communia
1121 3726 1257 3785 disponere,
1269 3727 1326 3772 unde
1338 3724 1392 3770 facili

179 3786 279 3833 subinde
290 3788 418 3844 appellata,
429 3791 499 3836 hodie
512 3791 640 3839 Stumboul.
811 3793 948 3849 acciperent
958 3791 1045 3849 plures.

210 3849 248 3894 68.
260 3847 400 3919 Corycioque
407 3854 491 3913 crosa]
502 3854 609 3915 Corycus
615 3855 702 3900 urbset
711 3866 779 3900 mons
841 3853 931 3901 Facem
940 3856 961 3898 et
975 3851 1033 3906 elec,
1044 3849 1100 3914 dcc]
1133 3849 1238 3898 Deuotat
1248 3849 1268 3899 'ss
1283 3847 1320 3899 issi
1329 3847 1391 3898 iouis:

181 3909 272 3958 Cilicia
281 3911 364 3969 optimi
372 3913 436 3960 croci
445 3916 595 3962 abundanter
606 3917 681 3962 seras.
690 3914 783 3964 Strabo.
815 3915 901 3974 nempe
916 3915 1041 3974 volpisccs
1053 3915 1149 3960 secutos
1163 3927 1204 3960 seu
1221 3916 1278 3961 sace
1293 3916 1389 3968 cominu

213 3973 298 4035 Stetit]
317 3972 447 4022 Deserbuit.
482 3976 528 4022 Alii
546 3978 675 4037 explicant,
688 3991 784 4024 concre-
815 3981 851 4025 vel
865 3977 1031 4038 pisciculorum
1048 3975 1389 4033 recommemorando

180 4035 292 4095 vit5quos
301 4037 783 4097 beneredarguitTorrentius‚exeoqubd
814 4057 867 4088 rum
885 4039 1007 4086 intestinis.
1040 4037 1168 4084 Enimvero
1183 4038 1231 4086 oleo
1247 4055 1292 4086 non
1305 4039 1390 4087 estcerti

178 4097 295 4158 liquidum
308 4113 358 4145 esse
374 4107 491 4156 oporteat,
508 4099 604 4146 minime
620 4101 676 4147 verb
687 4117 783 4150 concre-
814 4104 886 4162 piscis
898 4115 996 4158 nomem
1012 4100 1059 4148 imb
1069 4101 1187 4172 significat
1198 4103 1303 4149 minimos
1314 4102 1390 4162 qtrosris

180 4170 230 4207 tum
235 4163 286 4221 jus,
295 4162 317 4207 in
330 4176 376 4220 quo
384 4161 461 4220 pisces
472 4163 548 4208 aliave
559 4163 658 4209 obsonia
669 4164 782 4212 innocent
815 4165 948 4225 pisciculos,
957 4171 998 4210 aut
1008 4161 1072 4210 certi
1080 4164 1199 4223 liquamen
1207 4177 1237 4211 ex
1246 4165 1281 4221 iis,
1289 4163 1389 4210 moriere}

211 4224 311 4287 Insuper
327 4221 404 4280 addes,
418 4223 472 4286 irc]
505 4224 785 4284 Postquamsupradicta
816 4241 875 4290 garo
886 4242 934 4273 non
946 4227 1060 4273 absimile.

181 4285 222 4331 illa
233 4288 303 4332 sinrul
312 4287 406 4333 incocta
416 4301 479 4343 srmt,
491 4287 625 4347 aspergitur
642 4301 747 4342 crocum,
759 4297 783 4336 et
846 4291 883 4337 75.
900 4287 1035 4349 lancium]
1068 4285 1112 4335 Vel
1124 4287 1237 4346 mixtum
1252 4291 1294 4345 vel,
1309 4287 1387 4338 iocerni

181 4349 310 4394 effunditur
321 4352 399 4395 oleum
413 4347 580 4414 Venasrmuun.
611 4347 648 4394 De
661 4349 731 4410 hujus
742 4365 782 4397 ex·
814 4351 868 4400 culo
877 4367 918 4398 seu
927 4351 1004 4398 cribro
1013 4353 1117 4410 qsrodtsn
1125 4349 1139 4397 l
1147 4351 1237 4398 sutore
1246 4361 1387 4412 expugnem

123 4445 125 4450 .
181 4408 289 4454 cellensis
301 4412 339 4457 lib.
350 4413 375 4457 ii.
384 4412 428 4457 Od.
439 4413 487 4459 aa
500 4413 535 4459 to.
815 4415 963 4470 abincesno,
973 4427 1057 4474 purgo.

212 4469 250 4514 70.
267 4469 359 4518 Picenis
373 4473 563 4538 redemptonis]
597 4471 716 4531 Deinceps
724 4487 784 4532 prm·
846 4475 883 4523 tr.
899 4472 1199 4538 Angnsiopuebugoalsc]
1233 4471 1387 4534 Sumptuosoet

180 4535 251 4587 cepta
266 4531 308 4576 dot
319 4535 350 4579 ud
365 4537 496 4584 secundam
513 4548 620 4585 metuam
631 4535 782 4596 pertinentia.
814 4551 876 4585 vano
891 4536 948 4585 luxu
960 4538 1120 4592 accumulatus
1135 4535 1212 4594 pisces
1226 4538 1344 4584 unomhoo
1353 4551 1385 4596 sp·
