3154 4918
207 225 257 268 „v
648 189 987 258 CHRONOLOGIA.

203 343 292 406 Anno
308 338 345 402 ab
364 335 402 402 U.
421 336 460 398 G.
504 335 723 400 annuatur.
744 338 781 400 Ο.
824 339 915 402 dano
930 337 1011 404 Hor.
1097 317 1344 406 CONSULES.

133 416 138 429 “
696 467 739 526 ..
919 472 958 528 ..
1024 423 1255 570 traianu-

160 585 161 592 '
245 588 394 652 Phraates
408 601 515 652 contra
528 588 710 666 Tiridatem,
726 590 778 672 qai
796 588 975 652 Parthicum
990 611 1119 672 regnum
1135 607 1348 676 occupaverat,
1363 594 1433 656 oiim

205 673 390 755 Scytharum
403 675 601 736 auxiliaribus
612 675 708 757 copiis
720 674 930 758 proficiscitur.
955 671 1111 738 Tiridates
1122 677 1162 738 ad
1174 677 1347 758 Augustum
1359 700 1435 740 con·

205 757 292 838 sugit,
307 779 396 840 quem
420 759 476 819 sibi
499 759 569 819 dedi
591 779 645 840 per
668 758 784 838 legatos
807 758 940 840 postulat
962 755 1121 820 Phraates,
1156 761 1208 822 Fit
1231 759 1291 823 Od.
1319 767 1370 823 26.
1403 777 1435 824 et

205 845 255 903 33.
270 839 341 904 Lib.
357 843 377 903 i.
392 841 464 903 item
478 845 509 903 4.
524 841 595 902 Lib.
611 841 642 903 ii.
654 841 775 904 01125.
792 841 863 903 Lib.
878 841 921 903 iii.
935 840 1100 902 Clauditur
1113 843 1287 926 Janusjam
1300 849 1355 908 sub
1366 846 1433 907 Au-

206 940 295 1006 gusto
311 925 484 986 secundirm.
873 1009 877 1012 -
1025 968 1182 1048 Augustus
1195 967 1237 1030 X·

388 1034 450 1092 7²9
698 1033 741 1091 22
920 1033 963 1091 42
997 969 1066 1130 lC.
1082 1050 1247 1113 Norbanus
1324 1049 1328 1054 ⁴

248 1135 405 1216 Augustus
419 1134 584 1198 exercitum
599 1135 631 1196 in
648 1134 776 1210 Arabes,
792 1134 869 1196 duce
891 1133 975 1196 AElio
998 1133 1106 1216 Largo
1128 1135 1259 1218 AEgypti
1282 1137 1433 1202 Praefecto

206 1219 306 1281 mittit.
329 1215 428 1281 Facta
451 1218 512 1280 Od.
536 1223 588 1280 29.
612 1218 682 1280 Lib.
707 1219 727 1279 i.
750 1217 882 1280 Moritur
906 1219 1072 1299 Quintilius
1098 1219 1199 1280 Varus
1224 1221 1333 1298 Poeta,
1359 1246 1434 1305 cog-

208 1304 330 1365 natione
359 1304 538 1385 conjunctus
565 1301 710 1385 Virgilio,
739 1303 788 1364 cui
815 1302 1002 1364 consolando
1029 1303 1147 1386 scripsit
1175 1303 1251 1368 Hor.
1286 1305 1347 1369 Od.
1381 1313 1433 1370 24.

207 1387 279 1450 Lib.
295 1389 314 1449 i.
330 1387 486 1450 Maeccnas
500 1387 633 1450 Liciniae
648 1407 752 1449 amoro
768 1399 884 1467 captus,
900 1408 990 1467 quam
1006 1399 1035 1448 et
1050 1387 1142 1469 paulo
1157 1403 1225 1470 post
1239 1390 1335 1452 duxit.
1363 1391 1435 1454 Huc

207 1493 220 1532 s
243 1486 322 1534 ectat
344 1473 405 1535 Od.
425 1478 473 1534 12.
489 1471 559 1534 Lib.
574 1473 606 1533 ii.
619 1469 713 1533 Victa
725 1467 887 1552 Hispania.
919 1469 1102 1533 Parthorum
1119 1472 1137 1532 i
1151 1471 1284 1535 Phraate
1296 1475 1433 1538 delectio.

239 1557 268 1616 d.
294 1562 323 1618 Β.
348 1556 418 1616 Lib.
443 1556 485 1616 iii.
508 1555 665 1635 Augustus
687 1572 725 1615 cx
749 1552 903 1636 Hispania
923 1577 1069 1633 reversus
1081 1557 1133 1616 ubi
1156 1556 1326 1639 periculoso
1349 1558 1435 1622 labo·

67 1659 73 1672 ·
207 1652 327 1700 raverat
348 1639 466 1698 morbo.
497 1635 644 1698 Raditum
667 1639 748 1698 hunc
770 1639 903 1700 celebrat
926 1638 985 1724 Od.
1013 1647 1061 1704 14.
1082 1639 1153 1703 Lib.
1177 1641 1220 1702 iii.
1251 1641 1323 1704 Huc
1344 1645 1434 1706 etiam

208 1721 311 1784 referri
325 1733 425 1804 potest
439 1720 500 1782 Od.
517 1725 568 1783 36.
583 1718 655 1782 Lib.
670 1721 691 1781 i.

389 1851 451 1910 730
700 1851 738 1909 ᾗ
922 1853 965 1912 43
998 1803 1182 1971 {Augustus
1197 1809 1255 1874 XI.

431 1945 432 1950 ,
1029 1891 1067 1953 C.
1083 1891 1157 1953 Piso

250 1973 324 2038 Non
350 1975 413 2037 siue
438 1975 554 2038 ratione
580 1975 661 2037 hunc
687 1995 798 2038 annum
826 1988 962 2058 spectare
987 1976 1126 2038 videntur
1152 1977 1212 2039 Od.
1243 1985 1292 2042 36.
1317 1979 1387 2044 Lib.
1413 1981 1434 2044 i.

210 2057 271 2123 od.
289 2065 338 2123 13.
353 2059 424 2122 Lib.
441 2059 474 2121 ii.
490 2059 551 2123 Od.
570 2063 617 2121 19.
634 2073 664 2121 et
677 2065 728 2122 39.
744 2059 815 2122 Lib.
831 2059 873 2121 iii.

595 2159 597 2165 '
923 2192 966 2250 44
1030 2144 1080 2207 Cl.
1096 2144 1260 2208 Marcellus

391 2189 450 2248 731
610 2181 614 2190 ⁵
702 2191 744 2247 20
1180 2237 1183 2244 .
1200 2230 1206 2243 .

252 2311 443 2396 Supplicium
456 2312 494 2374 de
508 2310 631 2374 Fannio
645 2312 808 2396 Caepione,
820 2328 850 2375 et
863 2313 986 2377 Licinio
996 2230 1249 2400 Mbrebdfldtllhh
1263 2335 1347 2380 soror
1357 2313 1437 2380 Mae-

211 2395 310 2460 cenati
321 2409 473 2479 nupserat,
489 2395 502 2482 )
517 2398 549 2460 in
562 2398 736 2480 Augustum
752 2400 990 2480 conjurantibus,
1006 2413 1166 2482 sumptum.

391 2527 454 2586 rsa
704 2528 743 2588 19
791 2599 795 2612 .
924 2530 964 2587 45
1000 2482 1221 2650 {fflffl

253 2649 395 2713 Exeunte
409 2651 468 2712 hoc
483 2673 576 2729 anno,
592 2666 644 2714 aut
659 2666 800 2733 sequente
815 2652 935 2714 ineunte
951 2653 1063 2734 scripta
1086 2665 1131 2712 est
1153 2651 1224 2714 Lib.
1248 2653 1268 2714 i.
1293 2651 1353 2736 Ep.
1385 2657 1436 2716 20.

211 2731 385 2812 Maecenati,
401 2735 452 2818 qui
461 2738 529 2819 jam
544 2739 648 2800 decern
664 2735 793 2821 amplius
808 2759 903 2799 annos
918 2739 985 2799 urbi
1008 2736 1168 2820 praesectus
1183 2735 1290 2814 suerat,
1305 2739 1438 2803 succedit

211 2819 361 2904 Agrippa
934 2887 935 2890 ¹
1032 2862 1077 2925 M.
1093 2863 1234 2925 Aurelius
1328 2859 1334 2864 ’

391 2928 454 2988 733
705 2931 743 2988 ¹3
923 2931 963 2989 46
1003 2866 1070 3027 lP.
1087 2947 1179 3009 Silius
1194 2945 1298 3010 Nerva

253 3027 397 3092 Tiberius
418 3051 486 3094 curn
508 3031 688 3114 impericia
710 3029 867 3092 Orientem
891 3031 1008 3109 missus,
1035 3031 1204 3113 Tigranem
1228 3034 1260 3095 in
1283 3034 1436 3110 Armenia,

80 3125 83 3132 '
211 3113 376 3183 Phraatem
401 3113 434 3175 in
456 3113 585 3178 Parthia
608 3135 736 3196 regnum
760 3115 895 3178 restituit.
941 3115 1040 3199 Signa
1063 3117 1217 3194 Romana,
1244 3139 1314 3202 quas
1329 3117 1437 3181 Parthi

213 3197 327 3261 Crasso
350 3211 380 3262 et
400 3197 446 3261 M.
472 3199 608 3262 Antonio
631 3199 827 3276 abstulerant,
851 3199 979 3279 reddita,
995 3202 1188 3284 Romamque
1211 3205 1343 3278 remissa
1358 3201 1436 3265 Hor.

212 3283 317 3352 scribit
339 3283 409 3346 Lib.
433 3282 453 3344 i.
477 3281 538 3366 Ep.
563 3288 593 3346 3.
609 3290 639 3346 4.
663 3298 692 3344 et
715 3289 744 3345 t.
768 3297 801 3345 ut
823 3298 853 3346 et
873 3285 967 3368 paulo
982 3302 1051 3350 ante
1066 3285 1127 3349 od.
1146 3291 1194 3349 19.
1210 3302 1239 3350 et
1253 3293 1303 3351 30.
1330 3285 1400 3350 Lib.
1417 3288 1436 3348 i.

213 3364 274 3427 Od.
288 3370 317 3428 2.
333 3365 404 3430 Lib.
420 3367 452 3430 ii.
468 3380 498 3431 et
511 3366 572 3431 Od.
588 3372 618 3430 4.
634 3367 705 3429 Lib.
721 3367 763 3429 iii.

1032 3455 1071 3518 C.
1107 3454 1228 3518 Sentius
1256 3455 1437 3518 Saturninus

393 3499 456 3562 734
712 3501 750 3558 Π
922 3501 963 3560 4⁷
1033 3539 1072 3622 Q.
1089 3539 1249 3602 Lucretius

156 3673 163 3682 .
255 3618 450 3682 Debellatum
464 3623 495 3684 in
508 3621 660 3708 Hispania
673 3643 728 3707 per
741 3624 840 3709 Agrip
864 3645 923 3700 am,
935 3645 982 3686 res
995 3625 1012 3685 a
1023 3623 1151 3687 Tiberio
1163 3626 1194 3685 in
1207 3624 1331 3686 Oriente
1344 3636 1437 3705 gestae

213 3701 348 3766 Romam
362 3703 466 3768 illatae.
483 3705 596 3770 Scribit
607 3707 685 3771 Hor.
700 3707 815 3792 Ephe
832 3645 902 3772 [lib.
918 3711 938 3770 i.
954 3708 1064 3790 Virgil.
1080 3710 1215 3770 Athenas
1227 3707 1436 3790 proficiscitur.

213 3785 349 3868 Megaris
364 3789 396 3850 in
410 3792 549 3854 morbum
564 3793 680 3870 incidit,
695 3791 861 3857 Brundusii
877 3793 1021 3856 moritur:
1036 3780 1140 3854 Rolna
1153 3793 1354 3854 discedentem
1367 3815 1438 3877 pro·

215 3885 332 3936 secutus
360 3885 404 3936 est
429 3873 507 3938 Hor.
537 3875 598 3940 Od.
624 3881 653 3942 3.
677 3877 747 3941 Lib.
772 3879 792 3940 i.
829 3877 911 3940 Huic
935 3897 1016 3940 anno
1041 3878 1132 3938 etiarn
1159 3877 1288 3958 supponi
1313 3889 1439 3962 possunt

215 3954 275 4018 Od.
292 3961 320 4018 9.
337 3955 407 4020 Lib.
423 3959 455 4021 ii.
471 3972 501 4023 et
517 3959 582 4024 Sat.
599 3967 628 4024 5.
644 3962 715 4026 Lib.
731 3963 833 4024 lineo
848 3962 947 4025 minus
960 3963 1120 4024 commode
1135 3981 1216 4022 anno
1232 3965 1302 4026 728.

1033 4045 1092 4106 Cn.
1109 4044 1256 4108 Lentulus

393 4089 454 4148 ras
707 4093 745 4151 16
926 4091 967 4150 rs
1003 4048 1059 4210 {P
1085 4123 1232 4192 maurus

1033 4214 1071 4275 G.
1087 4213 1197 4277 Furius

1033 4297 1071 4360 C.
1088 4298 1210 4363 Silanus

395 4257 456 4317 rao
708 4260 746 4319 15
927 4259 968 4320 ro
1003 4217 1019 4379 ξ

256 4375 362 4446 Ludos
377 4381 536 4446 Seculares
551 4385 636 4448 dedit
656 4386 821 4468 Angustus.
850 4382 984 4446 Carmen
999 4383 1143 4447 Seculare
1156 4382 1250 4468 paulo
1265 4391 1334 4444 ante
1347 4399 1439 4464 para·

213 4479 301 4529 verat
314 4464 391 4529 Hor.
407 4481 440 4530 ut
454 4481 484 4530 et
498 4467 560 4532 od.
575 4475 625 4532 21.
642 4467 712 4531 Lib.
727 4470 746 4532 i.
762 4467 823 4531 Od.
838 4473 868 4530 6.
885 4468 955 4530 Lib.
971 4469 1011 4531 iv.
1026 4482 1057 4533 at
1070 4467 1132 4554 Ep.
1149 4473 1197 4530 13.
1213 4465 1284 4529 Lib.
1300 4466 1321 4528 i.
1336 4477 1367 4530 et
1377 4463 1437 4549 Ep.

216 4550 243 4609 1.
258 4543 329 4612 Lib.
344 4550 376 4612 ii.
391 4553 432 4616 ad
445 4553 534 4635 hujus
549 4553 621 4617 anni
636 4554 727 4618 finem
741 4554 842 4618 referri
858 4567 991 4637 possunt
